2414 4350
234 224 321 317 144
392 225 393 228 ‘
482 198 691 320 Sscyrirn·
717 198 906 322 fflernfhs.
963 308 968 317 Ι
1138 238 1144 257 ·

180 400 210 423 ”
233 389 351 485 „mihi
368 410 571 488 congruens
588 389 747 477 eli-cum
763 375 1051 469 modulamen?
1072 384 1165 469 hrr-
1204 364 1207 460 s

215 494 312 585 *„do‘
329 492 362 562 dr
381 487 542 583 glorifico
569 489 693 574 illum,
725 486 787 585 qui
807 488 1007 579 nos'secit,
1043 484 1165 565 divina
1197 479 1207 559 s

233 589 357 681 „enim
376 607 448 658 vox
473 587 543 673 eli,
569 609 651 684 quae
679 590 730 663 ita
746 588 866 687 jubet:
896 574 1012 665 Omnis
1022 587 1164 688 spiritur

234 686 373 780 „laudet
388 685 567 762 Dominum
581 686 637 785 Ps.
658 709 738 783 150.
758 712 789 765 v.
809 692 843 764 6.
866 685 979 775 ,laude
1001 708 1163 765 nunccu-

56 864 59 870 ,
188 874 191 879 ,
234 787 399 879 „lebrare
418 786 614 864 Dominum
629 811 703 863 non
715 787 833 863 verbis
844 809 1025 885 exponere
1040 808 1162 884 aggre-
1197 847 1198 852 r

230 888 362 980 „dion
394 900 516 962 certus
544 886 778 969 nihilominus
803 908 872 971 me¹
887 887 934 961 ab
956 909 1001 962 eo
1023 909 1091 984 pro
1115 886 1162 963 rei

104 1058 110 1073 „
148 1030 154 1036 -
235 986 438 1080 „dignitate
458 985 693 1081 glorificando
712 987 820 1082 longe
836 985 1068 1089 abfuturum,
1093 984 1162 1080 pie·
1190 971 1207 1049 s

235 1086 454 1178 „tatiszvero
470 1085 537 1160 else
551 1085 719 1174 censens,
743 1086 780 1161 id
793 1104 1008 1182 quocunque
1018 1085 1163 1163 tandem
1191 1069 1207 1166 s

237 1185 375 1277 „modo
400 1186 540 1260 conari:
562 1176 718 1281 namque
734 1183 1021 1261 imbecillitatem
1047 1206 1163 1261 meam
1191 1170 1207 1260 s.

235 1264 1163 1383 „consolaturDominusJesuscumdicit:'Deumne·
1191 1272 1207 1356 s

235 1409 314 1472 „mn
330 1383 581 1479 viditnmquam
607 1382 718 1488 joan.
747 1411 777 1460 r.
798 1408 830 1460 v.
853 1400 910 1469 18.
1028 1451 1029 1454 ,

54 1586 172 1675 Aegei
244 1579 258 1681 ᾗ
307 1607 341 1677 3.
364 1579 485 1671 „Quid
516 1578 654 1675 igitur,
688 1571 827 1677 inquiet
855 1578 986 1678 aliquis
1004 1631 1015 1667 ,
1030 1598 1164 1657 *nonne

53 1670 155 1742 Deum
165 1692 225 1739 Μ»
239 1676 435 1776 „scriptum
464 1678 532 1754 est:
564 1678 691 1778 Angelr'
709 1681 927 1779 parvulorum
951 1679 1063 1755 vident
1079 1678 1164 1779 sent·
1197 1733 1202 1747 r

55 1772 190 1910 w*
240 1804 323 1878 „prr
341 1778 465 1876 faciem
491 1776 606 1853 Putris
628 1781 690 1853 mel
706 1780 832 1855 Marah.
861 1796 917 1866 13.
939 1803 971 1856 n.
994 1795 1052 1855 10‘.
1100 1779 1165 1861 Ve·
1196 1831 1201 1852 .

64 1910 70 1917 ·
117 1851 197 1923 ’Μ’
217 1900 348 1970 ,·,,ωιη
378 1877 498 1972 angeli
525 1877 650 1953 vident
666 1904 738 1953 non
761 1880 850 1954 srcut
873 1877 927 1952 est
956 1878 1087 1963 Deus,
1111 1874 1166 1953 sed
1196 1870 1207 1949 l

161 2026 163 2031 ·
237 1987 441 2074 „quantum
458 1997 585 2072 capere
597 1977 755 2073 possunt,
781 1978 819 2054 dt
837 1977 974 2052 Throni
990 1975 1028 2052 dt
1043 1976 1165 2069 Dorul-
1192 1976 1196 2037 ἐ

55 2128 63 2159 ·,
194 2090 199 2103 ’
238 2078 432 2169 „nationes
459 2077 726 2166 excellentius,
764 2099 873 2172 quam
896 2076 951 2152 illi
966 2076 1094 2172 primi,
1116 2078 1197 2173 ip·=

228 2176 301 2266 '„sa
327 2187 449 2251 tamen
466 2175 518 2249 rei
537 2175 712 2271 dignitate
729 2177 846 2250 multu
869 2176 1040 2250 inferius:
1075 2186 1167 2251 unus
1194 2194 1198 2209 ¹

240 2275 364 2364 „enirn
390 2275 512 2347 videre
536 2276 670 2372 potest,
694 2275 782 2351 sicut
798 2286 960 2374 oportet,
986 2297 1059 2349 una
1084 2296 1173 2351 cum·

240 2373 360 2465 „Filio
375 2372 531 2469 Spiritus
549 2373 698 2450 sanstus.
734 2366 931 2461 Neminem
947 2395 1033 2468 ergo
1052 2373 1168 2457 homi·
1197 2394 1201 2421 ²

154 2540 160 2555 ,
241 2496 352 2564 „uem
373 2472 528 2571 pudeat,
553 2475 599 2548 de
621 2473 681 2548 sua
705 2473 908 2569 ignorantia
924 2473 1100 2551 confiteri.

230 2698 241 2712 ·
309 2695 345 2767 4.
370 2668 539 2756 „Sufficit
560 2669 665 2744 nobis
689 2670 736 2746 ad
758 2672 931 2767 pietatem
946 2668 1037 2744 illud
1058 2667 1169 2747 solum

161 2800 170 2820 ·
237 2779 307 2859 „ut
324 2768 490 2854 sciamus,
516 2793 584 2843 nos
604 2771 723 2846 Deum
742 2768 888 2857 habere,
913 2770 1031 2843 Deum
1045 2793 1170 2857 unum,

165 2952 168 2959 ι
236 2866 384 2959 „Deum
418 2868 672 2957 exsilientem,
710 2872 755 2946 ab
783 2871 989 2947 aeternitate
1020 2868 1171 2945 existen·

237 2981 363 3060 „tem,
390 2969 441 3042 sui
468 2966 605 3064 semper
625 2968 799 3053 similem,
825 2968 927 3066 cujus
948 2967 1056 3043 Pater
1078 2968 1171 3057 alius

237 3093 338 3160 „non
363 3067 439 3156 est,
484 3076 557 3163 quo
589 3090 697 3144 nemo
721 3063 869 3151 fortior,
911 3090 1019 3163 quem
1047 3062 1171 3143 nullut

101 3174 103 3179 '
232 3163 435 3256 ,successor
451 3186 563 3263 regno
588 3166 759 3265 depellit,
785 3169 847 3262 qui
868 3164 994 3257 multis
1015 3167 1171 3241 nomini'·

238 3266 334 3355 „bus
357 3265 564 3361 insignitur,
597 3267 718 3341 omnia
743 3266 876 3362 potest,
908 3265 944 3341 dt
979 3262 1172 3342 uniformis

176 3402 194 3431 ,-
237 3363 313 3454 „est
329 3362 553 3456 substantiae,
587 3391 660 3440 nun
690 3368 787 3440 enim
814 3368 898 3461 quia
931 3376 1083 3440 vocatur
1107 3366 1171 3440 hu·

116 3496 138 3509 r
237 3487 335 3555 „nus
364 3464 401 3540 ἀ
423 3463 556 3562 justus,
583 3463 621 3540 dt
655 3466 884 3562 omnipotens
914 3465 952 3542 &
984 3462 1198 3551 Sabaoth„

95 3629 99 3636 .
145 3574 149 3581 '
237 3564 373 3653 ,dcirco
401 3565 523 3641 varius
552 3563 602 3638 est
630 3561 668 3639 dt
696 3565 880 3654 diversus,
922 3564 980 3638 sed
1011 3588 1108 3639 unus
1132 3562 1170 3641 δε

237 3664 363 3755 „idem
385 3685 470 3740 cum
489 3661 550 3753 fit,
580 3664 791 3761 innumeras
814 3663 1014 3743 divinitatis
1044 3685 1184 3793 opera·⁸

787 3784 795 3809 ¹
1073 3776 1171 3856 „tw‘
