2414 4350
103 252 107 261 .
297 180 608 305 Cotechefislls·
839 210 920 283 121

40 366 239 467 dgratiam
252 369 629 469 sanetispiritus,qua
643 392 716 447 una
730 392 814 447 cum
829 394 925 470 aqua
1025 382 1032 399 “
1063 418 1072 439 ι

40 480 147 556 atur,
173 468 309 567 spesta,
335 492 417 567 quae
437 471 593 569 Spiritus
604 469 717 545 raom
733 469 923 559 &Christi
1089 470 1096 479 '

40 588 57 643 r
75 568 196 645 Patris
210 570 476 647 invocationem
499 570 697 667 percipiens
712 570 785 645 vim
800 570 925 653 santu-

40 668 107 743 atis
125 669 291 764 acquirit.
341 670 435 763 Cum
459 670 555 751 enim
578 669 690 747 homo
718 667 760 745 srt
776 693 823 745 ex
848 671 925 746 ani·
940 695 1105 787 Nmffm,

40 790 80 841 na
102 766 141 841 δι
155 790 304 866 corpore
330 767 567 866 compostus,
600 766 734 865 duplex
763 773 928 866 purgatio
1092 814 1095 819 ·

40 877 145 949 atur:
179 872 310 965 'corpus
327 867 455 965 quippe
469 890 563 963 aqua
574 867 746 957 mundat,
769 870 928 951 animam
1049 932 1053 939 .

40 962 183 1060 bsignat
199 965 376 1065 Spiritus,
411 967 448 1041 δι
462 966 533 1040 sine
552 966 728 1045 ambobus
745 968 930 1064 perfessio-

40 1087 108 1139 rem
138 1064 304 1161 consequi
333 1090 406 1138 non
435 1081 549 1161 potes.
609 1065 694 1147 Non
725 1090 794 1161 ego
829 1064 927 1160 sum,

40 1163 85 1256 ui
110 1162 191 1239 haec
210 1164 314 1253 dico,
336 1164 396 1238 sed
416 1164 593 1238 Dominus
620 1164 719 1271 Jes'us
745 1166 928 1259 Christus,

40 1260 130 1359 ἶοαη.
156 1290 190 1358 3.
216 1288 248 1344 u,
277 1293 311 1359 3.
349 1264 409 1362 nist
432 1266 502 1359 quis
520 1275 615 1339 noras
627 1264 735 1360 suerit
756 1264 858 1341 denuo
886 1294 930 1344 ero

40 1384 109 1455 qua
123 1361 165 1438 ss
181 1360 329 1461 Spiritu,
361 1388 425 1437 uon
446 1365 546 1460 potest
575 1364 712 1448 introire
736 1365 771 1437 sn
794 1391 930 1463 regnum

40 1458 100 1534 sei.
146 1459 274 1558 Neque
288 1459 404 1557 siquis·
415 1484 508 1559 aqua
526 1462 738 1559 baptizetur,
754 1464 931 1561 Spiritum

40 1580 112 1634 *ero
131 1583 206 1634 non
225 1563 400 1656 accipiat,
425 1562 577 1655 gratiam
592 1561 782 1658 perfettam
801 1563 929 1658 habet3

40 1679 144 1754 reque
161 1658 268 1757 fiquis
287 1661 396 1735 etiam
417 1660 592 1735 virtutum
613 1662 781 1759 operibus
805 1662 931 1740 instru-

40 1760 103 1833 rus
120 1755 340 1854 signaculum
362 1781 424 1858 per
443 1781 574 1853 aquam
600 1784 674 1833 non
694 1761 862 1859 recipiat,
888 1763 933 1837 il-

40 1880 61 1933 e
78 1858 257 1932 coelorum
272 1881 423 1953 regnum
449 1854 662 1951 ingressurus
679 1857 739 1934 est.
798 1860 934 1938 Audax

40 1954 195 2044 rideatur
213 1957 294 2032 haec
313 1958 448 2042 oratio,
474 1956 623 2031 sednon
642 1980 742 2044 mea,
776 1957 855 2058 Jcsu
884 1960 934 2044 est

40 2054 149 2140 enim,
182 2058 243 2153 qui
264 2056 358 2131 hanc
382 2057 593 2131 sententiam
622 2056 723 2139 tulit:
753 2057 858 2156 cujus
880 2062 935 2137 rei
1015 2150 1020 2157 ¹

40 2178 75 2228 cx
90 2154 212 2231 divina
237 2154 422 2252 Scriptura
444 2157 566 2253 accipe
583 2154 934 2237 demonstrationem.
983 2197 989 2205 ·
1110 2160 1114 2167 ’

40 2252 222 2331 Ξοῐιιεὶίιιε
243 2269 321 2328 erat
345 2256 400 2327 vir
416 2253 549 2350 justus,
572 2255 619 2329 ad
642 2280 726 2330 eum
749 2260 849 2333 venit
867 2260 933 2336 Pe·
948 2271 1005 2337 An
1019 2277 1115 2339 inas

40 2374 133 2441 rus,
160 2378 203 2427 ac
219 2354 374 2450 Spiritus
390 2352 525 2429 infusus
541 2351 590 2426 cst
603 2356 831 2431 credentibus
845 2413 855 2445 ,
897 2360 935 2437 ὅτ
948 2358 1067 2504 ‘ism

40 2476 156 2529 amen
173 2453 247 2549 post
265 2453 357 2528 hanc
377 2454 532 2548 Spiritus
558 2455 731 2545 gratiam,
759 2455 854 2550 juffit
871 2463 963 2534 coss
984 2453 1082 2541 ‘mss'

40 2551 208 2627 Petrusin
221 2551 450 2648 nomineJesu
466 2551 592 2626 Christi
610 2554 782 2649 baptizari
790 2556 865 2632 Ass.
882 2587 936 2633 10.
949 2530 1073 2610 Basm'

40 2675 63 2726 ν.
83 2679 123 2747 3„
138 2649 178 2726 ss
198 2677 253 2743 1q.
267 2675 300 2726 u.
322 2655 355 2724 ό.
374 2666 414 2724 ut
429 2674 510 2723 cum
526 2652 645 2725 anima
658 2651 733 2748 jam
749 2676 812 2749 per
830 2652 937 2732 fidem
948 2607 1109 2763 'mm‘

40 2762 250 2842 regenerata
268 2748 383 2835 soret,
419 2771 548 2849 corpus
564 2772 707 2848 quoque
727 2774 791 2849 per
807 2778 941 2852 aquam
1027 2739 1036 2767 '

40 2848 222 2946 susciperet
240 2850 404 2943 gratiam.

51 3044 142 3118 Nota.
187 3044 321 3108 Ecclesia
336 3046 430 3109 docet
440 3044 587 3127 Baptismi
602 3045 784 3111 desiderium
794 3050 943 3117 charitato

91 3128 261 3214 perfossum
280 3133 316 3192 ad
336 3131 459 3193 sasutern
483 3129 636 3206 sufficere,
669 3153 741 3194 cum
767 3134 944 3199 necessitate

92 3215 293 3297 prohibemur
315 3236 386 3277 euru
416 3214 573 3295 suscipere.
637 3214 725 3277 Unde
757 3222 942 3285 contrariam

92 3298 291 3379 opinionem,
325 3319 393 3380 quac
415 3299 577 3380 nequidem
597 3319 668 3360 curn
692 3303 758 3364 aliis
774 3306 945 3387 ¹principiis

93 3379 124 3453 S.
146 3380 251 3463 Cyrilli
277 3384 431 3454 cohaeret,
461 3384 668 3445 communiter
691 3385 848 3469 Theologi
873 3388 945 3469 reji-

94 3465 190 3533 ciunt.
239 3464 309 3529 Vici.
332 3467 371 3529 D.
397 3466 510 3531 suaisca
529 3464 592 3551 diffl
607 3487 641 3550 3.
669 3467 707 3540 ss
730 3492 827 3535 meum
844 3474 944 3557 Comp,
1065 3472 1069 3479 ’

98 3548 152 3621 sit.
172 3558 240 3616 tom.
258 3569 288 3632 3.
307 3571 337 3634 p.
358 3561 429 3633 148·
568 3553 572 3559 ’
916 3560 919 3565 ’

452 3729 537 3836 Hs
748 3761 781 3840 a·
797 3717 945 3833 „Quou-
