2414 4350
158 179 238 341 332
321 250 329 263 ·
370 184 877 361 s.rn1'ao2ssrn>.ranan.¹
903 196 921 360 ',

155 420 329 504 ,iaetemae
347 408 473 506 gloriae
481 408 738 505 incorruptioni
746 419 982 508 peccatorum
992 431 1089 485 arna·

157 496 305 604 ‚Jritudo
326 508 511 584 miscetur:
551 510 640 609 vestis
659 528 744 583 vero
759 507 837 606 ejus
854 506 949 608 sorte
972 508 1092 605 potins

156 608 303 708 „divisa
328 630 436 706 qnam
455 606 549 681 scilla
560 606 763 683 mansuram
781 608 1090 705 incorruptionem

157 709 345 806 „corporis
364 702 557 782 indicabat.
604 707 645 782 In
660 706 753 804 ligno
779 709 857 802 oiim
882 708 980 782 salus
1006 702 1093 782 cu'n·

129 816 131 821 ’
157 807 321 901 „itomm
334 806 556 903 suspenditur
564 808 580 893 ,’
600 805 658 881 cui
672 807 737 880 duo
748 806 894 881 'latrones
919 807 1028 881 laevae
1050 831 1105 907 ao,

48 952 60 966 -
155 908 345 999 „dexterae
368 903 583 1002 affiguntur,
622 917 663 980 ut
682 904 837 1001 intelligi
863 904 967 1002 poffit
992 929 1091 983 mors

157 1006 373 1097 „hominum
396 1017 550 1079 amorte
576 1003 750 1098 unigeniti
774 1004 997 1102 discrepare,
1031 1004 1095 1080 ille

154 1107 280 1197 „enim
297 1102 455 1179 reddidit
473 1101 634 1200 spiritum
645 1103 780 1200 sponte,
797 1103 870 1177 illis
890 1126 999 1179 crura
1013 1104 1092 1180 sunt

139 1204 421 1303 „comminuta
445 1201 483 1279 dr
509 1204 593 1297 qnia
623 1225 686 1298 per
725 1201 970 1280 diversitatem
1005 1202 1091 1279 lide·

142 1301 279 1395 '·„lium
291 1300 330 1377 dr
346 1298 545 1375 infidelium
561 1300 603 1376 fit
620 1300 781 1378 omnium
795 1298 992 1377 secundnm
1004 1304 1091 1378 de‘x·

158 1413 320 1493 ‚,tram‚‘
338 1397 579 1496 sinistramque
603 1399 740 1490 divisio,
765 1423 859 1476 unus
882 1402 1092 1478 exduobue

158 1499 235 1593 „ad
258 1498 424 1575 dextram
440 1497 526 1573 situs
551 1497 637 1574 fidei
651 1497 902 1593 justificatione
920 1500 1089 1577 salvatur.

159 1598 271 1692 „Non
288 1609 367 1673 erat
387 1596 532 1673 difficile
553 1597 712 1685 Christo,
746 1600 792 1672 de
814 1600 1090 1679 crucedescen·

158 1696 292 1792 „dere‚
317 1696 377 1772 led
393 1694 652 1772 sacramentum
666 1708 744 1772 erat
756 1699 941 1794 patientiae
959 1700 1091 1775 volun·-

158 1798 272 1891 „tatis
288 1794 517 1895 explendum.
545 1796 649 1884 Qu'od
662 1809 784 1872 autern
801 1797 965 1872 latrones
981 1801 1087 1875 ambo

157 1896 429 1989 „conditionem
449 1896 483 1970 ei
499 1894 663 1991 paffionis
679 1896 919 1992 exprobrant,
944 1900 1086 1993 nniver-

158 1995 232 2088 „fis
249 1995 358 2069 etiarn
373 1993 539 2069 fidelibus
556 1992 761 2070 scandalum
782 1997 899 2071 crucis
922 1995 1084 2073 futuram

159 2095 253 2188 „elle
267 2090 451 2189 fignificat.
501 2092 649 2168 Clamor
664 2115 750 2167 vero
763 2095 810 2168 ad
829 2094 948 2170 Deum
962 2118 1085 2192 corpo·

154 2195 236 2286 „ris
254 2216 327 2268 vox
343 2191 391 2265 est
405 2184 607 2267 recedentis
622 2216 642 2265 a
661 2189 695 2265 se
712 2192 811 2268 verbi
827 2193 896 2269 Dei
913 2188 1084 2271 conterra-

22 2326 25 2331 ·
158 2305 224 2385 „ta
262 2290 437 2365 dillrdium
472 2288 618 2388 (scilicet
641 2316 705 2365 non
731 2293 908 2389 secundnm
939 2297 1084 2371 unionem

158 2391 411 2490 ‚imposturam
422 2387 485 2486 sed
490 2388 662 2488 specialem
670 2391 917 2493 orarationem)
935 2394 975 2469 in
988 2395 1079 2470 cala·

156 2514 247 2583 „mo
272 2514 313 2563 ex
322 2488 468 2588 spongia
498 2485 667 2576 offertur,
696 2503 738 2564 ut
763 2506 925 2586 potaret,
953 2490 991 2569 id
1020 2493 1081 2586 ela

154 2612 230 2681 „ex
242 2588 450 2685 corporibus
465 2587 626 2682 gentium
642 2588 729 2663 vitia
746 2603 924 2686 corrupta
939 2594 1078 2671 aeterni·

68 2732 77 2742 -
152 2686 1079 2801 „tatisaccepit,&inleatqueimmortalitatiacom·

122 2850 125 2856 .
152 2787 352 2881 „munione
374 2809 416 2861 ea
434 2784 567 2882 quaein
584 2786 805 2863 nobiserant
820 2790 947 2864 vitiata
964 2802 1074 2869 tram·

89 2910 91 2915 ·
151 2885 283 2980 „fudit
328 2882 488 2984 Spiritum
509 2907 592 2976 oum
609 2885 766 2969 clamore
792 2890 910 2986 emisti,
938 2889 1076 2977 dolens,

111 3018 114 3023 ·
149 2995 251 3077 „non
269 2986 432 3059 omnium
448 2981 483 3056 se
509 2996 655 3080 peccata
671 2995 806 3081 potare.
862 2986 982 3062 Votum
1003 3001 1079 3063 rem·

21 3100 38 3121 ‘
150 3085 226 3183 „pn
231 3082 416 3180 scinditur,
443 3082 526 3178 quia
551 3082 705 3180 populus
727 3083 776 3159 est
793 3085 924 3161 divisus
937 3089 981 3162 -in
1000 3110 1077 3185 ραι·

149 3194 255 3275 „tes‚
279 3180 403 3258 &veli
419 3181 536 3256 honor
551 3202 634 3256 curn
652 3181 808 3258 custodia
823 3184 944 3279 angeli
958 3198 1077 3282 prote·

128 3278 294 3376 ''„gentis
318 3275 501 3355 auffertur.
546 3279 702 3356 Moretur
717 3294 808 3357 terra
832 3305 948 3379 capax
979 3285 1074 3361 enirn

146 3378 282 3476 „nujus
296 3380 429 3454 mortni
451 3378 517 3451 elle
541 3401 613 3455 non
640 3391 790 3476 poterat.
844 3381 1075 3485 Petrosciffa

146 3477 267 3578 „siant⁹
300 3479 421 3554 omnia
437 3479 533 3551 enim
550 3490 740 3573 penetrans
759 3480 824 3554 Dei
850 3481 1001 3557 verbum
1028 3485 1076 3559 ir·

88 3644 103 3651 -
143 3589 327 3673 ,„ruperat.
384 3576 434 3655 Et
452 3590 664 3652 mooamenro
677 3592 790 3676 aperto
822 3579 920 3678 soor:
968 3594 1073 3658 erant

141 3677 267 3777 „enim
290 3677 419 3755 mortis
440 3673 598 3760 ,claustra
629 3677 826 3771 reseranda.
893 3677 945 3755 Et
968 3682 1073 3756 melta

72 3826 79 3837 '
173 3798 194 3819 ⁶
574 3799 578 3805 ¹
968 3804 1070 3875 »Μ’
