2414 4350
332 246 536 365 Gatecbefis
565 244 650 338 IX.
868 172 954 370 ¹⁶i
1044 372 1049 383 .

32 426 302 519 criminentur?
327 458 420 533 qnos
445 438 639 534 oportebat
662 416 856 535 conlpeslis
877 458 951 517 coe·

33 536 158 611 lorum
195 536 490 615 convexitatibus
524 534 665 633 stupore
696 538 871 635 percelli,
912 538 951 616 br

32 656 121 713 enm
150 632 323 724 adornre,
346 637 407 733 qni
425 635 547 712 statuit
569 636 702 711 coelum
724 636 821 733 quasi
838 636 950 713 foroi-
997 708 1008 727 ,

32 756 150 822 cem,
183 735 320 831 quide
354 734 453 811 fluxa
481 757 656 832 aquarum
686 748 817 812 natura
845 759 950 813 ruere
967 727 1077 809 carun

32 832 196 911 nescium
211 830 294 910 coeli
310 832 539 910 substantiam
555 832 771 927 elibrmnvit.
800 837 946 915 Caelum
961 838 1098 908 arvum·

33 954 138 1033 aqna
169 932 246 1026 est,
279 932 461 1011 flammeae
484 955 570 1009 veru
597 948 763 1025 naturae,
795 956 879 1033 quae
907 938 946 1015 in

32 1034 111 1131 ipso
134 1032 248 1110 infixa
265 1032 366 1122 suot,
399 1054 486 1109 nam
509 1054 593 1109 cum
617 1036 722 1131 aquis
746 1055 839 1133 opus
861 1038 947 1115 esset
1001 1076 1004 1085 ·

32 1146 145 1211 terrae
166 1132 397 1231 imposterum
420 1133 664 1221 exercendae,
696 1136 869 1231 aquosum
904 1138 944 1213 in

32 1232 180 1309 sublimi
195 1234 418 1331 comparavit
434 1232 589 1318 caelum,
614 1245 656 1309 ut
672 1257 755 1310 cum
774 1232 946 1312 imbrium

32 1334 245 1429 irrigatione
254 1332 396 1407 telluris
417 1334 517 1427 regio
541 1331 741 1427 indigeret,
765 1335 873 1414 adid
895 1358 945 1412 ex

31 1445 166 1519 natura
184 1432 246 1509 sua
265 1445 432 1531 paratum
450 1432 582 1508 coelum
600 1431 695 1509 esset.

78 1654 119 1727 4·
145 1624 268 1722 „Quid
300 1622 423 1704 uero‘.2
449 1630 575 1704 ‘nonne
604 1624 787 1706 admirari·
800 1639 945 1728 oportet
959 1604 1107 1724 Salios&

31 1748 142 1819 enm,
168 1732 231 1827 qui
251 1730 289 1803 in
307 1726 391 1802 solis
415 1726 590 1804 fabricam
608 1728 831 1825 inspexerit?
859 1754 943 1807 nam
959 1708 1045 1775 broco
1068 1708 1107 1795 3.

31 1826 170 1905 modici
194 1827 302 1903 instar
327 1826 419 1902 vasis
448 1846 628 1926 apparens
657 1829 732 1903 vim
759 1831 945 1925 ingentem
960 1792 1072 1876 ΜΨ·

33 1927 300 2026 complebitur,
324 1929 369 2002 ab
386 1927 526 2003 oriente
546 1946 745 2027 apparens,
770 1928 808 2003 se
824 1930 862 2003 in
883 1951 945 2004 nc·

32 2026 344 2122 cidentemusque
360 2027 485 2102 lumen
500 2026 682 2102 emittens.
733 2026 845 2125 Ipsus
862 2048 945 2126 por·
994 2034 997 2047 '
1037 2086 1039 2091 .

30 2146 72 2203 ro
96 2142 222 2225 aptam
248 2126 510 2223 dispositionem
529 2124 733 2214 considera,
742 2126 944 2301 flquomodo

30 2224 154 2303 aestate
176 2224 360 2301 sublimior
381 2227 496 2300 satius
515 2224 699 2321 longiores
720 2252 740 2299 e
769 2225 832 2303 nit
848 2225 944 2317 dies,

30 2328 337 2425 opportunitatem
348 2326 509 2400 tribuens
524 2324 731 2400 bominibus
744 2326 791 2401 ad
809 2348 939 2423 opera:

30 2426 167 2523 hyeme
197 2446 283 2501 vero
312 2426 452 2499 cursum
480 2426 700 2511 contrahit,
743 2438 785 2499 ut
818 2428 939 2503 nones
957 2412 1061 2522 Νφῖἷῖ*

30 2525 215 2623 longiores
235 2525 338 2600 satire
361 2538 438 2598 tum
466 2524 674 2599 hominibus
690 2526 738 2598 ad
754 2525 940 2602 levamen·
956 2506 1082 2577 “slim

30 2636 132 2710 tum,
158 2638 238 2700 tum
256 2648 342 2699 vero
366 2622 487 2698 telluri
515 2624 562 2697 ad
585 2623 764 2700 smslnum
785 2641 940 2721 proven·

29 2738 89 2801 tus
112 2724 283 2799 serendos
307 2720 518 2820 adjumento
543 2720 622 2798 sint.
669 2720 788 2796 Nemo
813 2738 939 2802 autern
1019 2759 1023 2780 ·

29 2824 124 2900 serat
141 2824 340 2921 quosdam,
363 2824 424 2919 qui
440 2822 587 2910 dicunt,
614 2816 728 2897 alium
750 2821 818 2895 else
843 2822 938 2900 lusis

29 2924 278 3013 conditorem,
302 2923 414 2997 alium
445 2921 698 3010 tenebrarum,
730 2920 938 2998 meminerit

28 3024 126 3099 enim
147 3022 262 3098 Esaiae
283 3022 460 3097 dicentis:
486 3017 565 3117 Ego
586 3020 703 3111 Deus,
728 3022 786 3116 qai
794 3022 864 3118 secr'
883 3016 937 3097 ln·

28 3146 121 3209 men,
148 3120 189 3199 δ’
205 3118 351 3198 tenebras
366 3121 476 3195 creavi
493 3120 539 3219 ls.
558 3140 619 3216 45.
637 3144 669 3194 a.
709 3175 719 3196 .
769 3117 866 3209 Quid
890 3120 937 3196 il.

28 3224 71 3299 lis
88 3222 292 3309 succenses,
318 3246 340 3294 o
365 3214 505 3294 homo?
539 3240 649 3315 quare
678 3144 753 3292 sets
777 3220 937 3316 graviter

28 3338 173 3419 tempus
193 3320 258 3396 tibi
275 3319 321 3396 ad
346 3322 544 3416 requietem
570 3316 725 3393 datum?
740 3321 863 3396 nullus
880 3317 936 3395 fa·

28 3421 151 3500 rutilus
169 3421 215 3496 ab
232 3421 320 3494 hero
344 3420 620 3515 consequeretur
643 3415 863 3495 levationem
880 3412 936 3495 la·

28 3524 178 3609 borum,
204 3520 267 3595 nisi
284 3522 445 3595 tenebrae
464 3515 655 3592 necessario
677 3514 843 3593 inducias
870 3518 935 3594 ad·

28 3620 175 3699 ferrent.
215 3620 408 3706 Quomodo
427 3615 582 3715 persaepe
598 3616 729 3691 diurno
741 3615 866 3693 labore
880 3619 935 3693 fa·
989 3686 992 3692 .

27 3722 133 3833 rigati
147 3719 313 3797 nostibus
333 3738 560 3891 renovaprur.
610 3713 708 3807 Quid
723 3736 811 3793 vero
832 3717 937 3893 aasz
989 3736 997 3767 ⁸

523 3838 545 3896 2
861 3862 886 3908 aa
