2430 4356
57 264 127 325 .·
232 285 328 403 ⁵50,
441 255 485 346 s.
510 186 935 372 nannetensium.
1010 198 1021 215 ⁸

59 438 142 531 Quid
156 442 224 508 irn-
307 470 343 543 4.
371 442 478 543 „Ego
494 454 602 519 autem
623 446 809 537 constitutus
816 440 896 543 sum
918 466 983 519 rex
999 437 1041 516 nb
1062 439 1148 616 miii:

235 556 320 643 ‚quer
343 540 426 619 alon
448 554 588 618 monim
598 540 747 643 firniium
770 547 839 639 ejas
852 541 923 618 &a
947 540 1096 618 contub

235 657 321 734 „tur
337 664 423 739 ergo
439 642 648 739 frequentes
666 641 705 717 ἀ
721 664 814 716 vana
830 641 1064 731 meditantes,
1083 648 1173 716 tum,

235 768 370 841 „regem
387 740 522 828 sciunt,
554 766 636 816 cum
656 740 780 823 Filium
801 740 867 815 Dcr'
886 740 1060 826 audiunt,
1083 760 1153 814 cum

79 864 81 871 ·
158 936 162 941 .
235 840 482 941 „poileliorem
505 865 588 915 eum
616 842 737 938 finiam
758 854 876 928 terro,
909 839 964 916 ’ἀ
986 837 1155 915 haeredem

55 537 104 592 ras
120 527 205 593 Deus

55 611 206 696 loquutur.

237 941 332 1032 „elle
344 942 506 1038 gentium
524 940 677 1028 discunt,
694 964 777 1015 cum
791 939 940 1037 regendi
944 938 1006 1037 jus
1024 940 1156 1039 inpingo

235 1042 371 1139 ,fieren
405 1038 482 1136 ejus
505 1039 573 1115 elie
597 1038 858 1137 cognoscunt,
883 1062 968 1115 cum
993 1038 1158 1113 facilitate

238 1140 350 1240 „vostr
372 1139 480 1237 figuli
517 1140 818 1215 comminuendos
854 1138 1010 1254 populos
1035 1136 1157 1214 intelli·

124 1247 126 1250 ’
229 1248 374 1332 ·„gunt:
401 1237 623 1336 [reloquitur
639 1240 843 1314 iratusnon
861 1259 1016 1335 puniens
1041 1232 1158 1318 admil

237 1336 339 1429 „sam
357 1338 597 1434 impietatem,
616 1337 675 1414 sed
691 1338 980 1435 impoenitentem
995 1336 1044 1411 ad
1058 1333 1158 1433 poeni·

237 1436 391 1529 „tentiae
407 1436 657 1512 confeffionem
673 1450 886 1513 memoratae
902 1435 1159 1534 potestatister·

237 1558 347 1633 „rore
362 1537 587 1634 perturbans.
639 1538 777 1612 Praeter
791 1536 872 1611 haec
900 1549 1026 1612 autem
1049 1535 1173 1633 omnir,

234 1635 359 1728 „dieta
387 1660 435 1709 ex
456 1636 604 1731 persona
632 1636 819 1731 Unigeniti
845 1635 929 1711 Filii
954 1634 1025 1710 Dei
1058 1634 1101 1709 D.
1117 1631 1153 1709 N.

132 1748 135 1753 '
239 1735 346 1834 „Jesu
369 1735 496 1810 Chrilli
517 1735 672 1832 intelligi
686 1736 847 1832 pollunt:
882 1757 967 1810 nam
988 1730 1155 1832 primoli·

235 1835 347 1927 „ludt
398 1832 478 1934 Ego
492 1848 599 1910 nutem
623 1835 892 1937 constitutussum
907 1860 969 1909 rex
994 1832 1039 1909 ab
1058 1860 1092 1909 eo
1105 1830 1152 1935 st·

236 1959 321 2033 „per
352 1932 435 2010 &on
467 1946 604 2009 montem
629 1934 777 2030 stantiam
809 1938 907 2033 ejus,
962 1926 1150 2009 nesciocui

236 2032 444 2123 „Christum
460 2055 581 2130 regem
600 2035 668 2108 elle
685 2034 868 2129 ambigere
886 2032 928 2108 fit
946 2046 1089 2122 tutum,
1111 2030 1150 2105 ln⁴

163 2154 171 2171 “
209 2168 215 2182 ’
237 2144 369 2223 „trone
386 2133 424 2207 in
441 2155 547 2209 cruce
569 2133 653 2210 Lac.
671 2161 729 2231 23.
754 2134 873 2229 magis
895 2132 1024 2211 Morti.
1043 2130 1149 2211 ashur

239 2231 545 2323 „oonlitentibus,
569 2233 630 2308 hic
655 2255 741 2327 ergo
761 2256 826 2308 rex
847 2232 948 2330 super
964 2233 1054 2307 Sion
1068 2253 1149 2307 mou·

237 2343 342 2422 „tem
358 2331 515 2411 sonuum
537 2332 606 2407 Dei
623 2332 849 2408 Hierusalem
873 2334 1029 2406 coelestis
1045 2326 1148 2406 consti·

76 2518 109 2527 ,,
179 2462 181 2467 ’
238 2442 369 2521 „tutus
393 2430 463 2521 est,
491 2430 529 2509 dr
550 2431 619 2506 Dei
644 2420 864 2529 praeceptum
885 2434 1147 2514 annuntiat,ut

15 2610 21 2623 ,
237 2543 457 2620 „uenturum
481 2554 565 2607 eum
590 2555 674 2608 cum
701 2533 784 2607 coeli
805 2531 961 2607 nubibus
989 2523 1148 2607 meminit·

127 2652 132 2663 ·
236 2628 360 2719 „sent,
393 2631 561 2706 adversus
583 2653 692 2727 quem
717 2630 974 2707 fremerent&
1002 2627 1148 2706 conveni·

235 2741 360 2818 „rent,
398 2729 436 2804 ilc
458 2730 560 2827 super
584 2731 806 2807 contumelia
822 2728 937 2805 illusae
954 2726 1148 2805 humilitatis

239 2838 451 2925 „corporeae
478 2832 728 2927 poeniterent,
749 2852 854 2905 nam
882 2829 953 2905 ait:
1005 2829 1146 2905 Domino

200 3013 204 3021 ¹
235 2927 352 3016 ‚uixit
365 2928 412 3003 ud
424 2954 493 3004 me:
517 2928 624 3004 nrm
640 2956 726 3006 meus
748 2955 780 3003 es
794 2941 843 3016 tu,
869 2955 929 3027 rgo
953 2927 1050 3004 hodie
1072 2920 1147 3028 genn¹

237 3038 326 3117 „tes
345 3028 443 3125 quod
464 3052 538 3103 non
554 3029 601 3104 ad
621 3029 770 3124 virginis
786 3038 951 3125 partum,
985 3018 1148 3127 nequeei

236 3127 399 3216 „lavacri
423 3128 760 3225 regenerationem,
798 3127 856 3201 sed
881 3127 928 3202 ad
951 3123 1147 3225 primogenl·

235 3240 343 3316 „tum
359 3252 406 3300 ex
421 3230 575 3304 mortuis
592 3252 638 3302 ex
654 3226 905 3304 resurreetione
919 3228 958 3302 in
980 3228 1147 3304 immorta-

236 3326 404 3416 „litarem
427 3340 593 3403 renatum
620 3328 797 3426 pertinere
820 3326 1015 3424 apostolica
1034 3321 1147 3403 autori·

235 3422 394 3516 „tasilo
432 3427 508 3502 Aa.
532 3456 587 3523 13.
631 3427 833 3522 Resurgens
857 3428 954 3502 enirn
972 3426 1034 3522 jus
1058 3441 1146 3501 omne

235 3525 300 3614 „in
324 3525 417 3600 coelo
440 3524 478 3602 δι
508 3527 546 3601 in
572 3540 668 3602 terra
700 3526 845 3603 sortitus
871 3526 921 3601 est
958 3524 1079 3601 Morti.
1100 3534 1144 3604 28.

236 3622 426 3720 „adeoque
460 3625 649 3722 poposcilse
678 3627 745 3713 id,
784 3627 887 3725 quod·
915 3626 1060 3722 fortitus
1090 3618 1144 3706 ell,

235 3721 431 3815 „ollenditz
458 3725 616 3824 sequitur
636 3727 734 3803 enim

608 3856 610 3861 ’
984 3845 1017 3921 5·
1040 3810 1142 3917 rastsc'
