2414 4350
401 208 697 337 Iragmentus
750 244 754 251 ·
904 220 1005 333 '423

12 328 46 511 s·
61 396 221 495 „andito
239 395 321 474 haec
336 396 553 499 noluerunt,
578 398 667 496 quin
689 395 801 483 etiam
824 397 1005 475 Fortunaa

12 514 37 607 'J
58 500 217 591 „nanos
243 496 441 595 Episcopus
463 496 647 599 epistolam
676 497 842 573 eandem
864 496 1004 577 mesum

12 602 40 759 ,ιτ
60 595 1004 784 noa:ienemmmmm‘

14 772 22 795 I
59 794 156 877 stola
181 794 346 873 locutum
370 795 499 886 fuisse,
535 818 617 894 quae
644 794 882 872 Athaoafinm
909 721 1002 895 noen-
1033 843 1036 849 -
1065 820 1068 825 ·

12 946 19 965 .-
61 896 275 984 demanaret,
299 894 339 973 id
359 896 460 997 quod
474 898 592 994 magis
616 894 831 975 confirmant
854 893 1004 993 sequen·

57 996 138 1079 tia.
163 1017 312 1093 nempe:
362 997 604 1083 „Commodis
633 995 704 1072 suis
732 995 930 1085 adversari,
963 994 1003 1073 &
1038 1019 1041 1023 ’

59 1092 262 1188 „ultimum
285 1095 485 1191 periculum
514 1096 615 1176 adire
638 1093 865 1183 maluerunt,
890 1118 1001 1192 qnam

58 1192 291 1295 „Athanasio
324 1194 619 1272 communionem
661 1197 757 1271 suam
797 1196 999 1288 denegare,

61 1292 152 1387 „vel
169 1293 380 1369 auiioritate
396 1293 791 1380 ConciliiSardicenfis,
802 1318 873 1391 quo
883 1295 1001 1369 iitha-

64 1390 210 1486 ,mosius
228 1390 414 1471 absolutus
437 1393 476 1471 δι
492 1392 621 1471 Ariani
647 1395 812 1471 damnati
836 1395 1016 1483 fuerant,-

59 1504 282 1589 „nttentare
350 1494 410 1569 Ab
442 1493 627 1592 AEgyptiis
656 1496 703 1570 ad
736 1494 921 1570 Liberium
952 1494 999 1570 de

58 1593 227 1685 „tuenda
243 1590 442 1669 Athannfio
458 1593 736 1678 communione,
761 1595 999 1689 quemadmo-

37 1750 41 1759 .
60 1688 152 1771 dum
170 1692 217 1771 ad
240 1691 374 1791 Julium
390 1692 528 1789 pridem
544 1693 641 1768 datae
673 1691 753 1766 sunt
772 1692 819 1768 de
844 1693 998 1767 redden·

22 1824 34 1861 ·.
59 1792 176 1883 ,ἀπ’
227 1792 451 1870 Haec-verba
465 1790 619 1887 probant
632 1791 817 1867 Liberium
833 1814 999 1869 commu·
1043 1885 1046 1891 .
1084 1846 1087 1853 ·

14 1938 17 1943 ·
60 1889 239 1977 nionesua
252 1914 323 1968 non
333 1890 481 1989 privasse
491 1889 749 1972 Athanafium.
765 1891 849 1987 qnia
858 1890 1000 1987 AEgyp·
1087 1964 1091 1970 .

26 2004 40 2029 ¹·
62 1989 108 2069 tii
124 2014 197 2065 non
218 1990 413 2084 rogabant,
438 2005 480 2069 ut
496 2013 577 2067 eam
591 1987 789 2067 Athanasio
810 1990 999 2077 redderet,

62 2088 396 2170 senioeatueretur
423 2090 607 2167 dicentes:
659 2088 820 2181 „Quales
829 2086 1001 2186 adipsum

55 2186 224 2292 ',‚]ulium
242 2188 287 2297 de
301 2188 485 2304 reddenda
498 2188 662 2267 exulanti
675 2185 874 2264 Athanasio
897 2209 998 2262 com·

60 2285 997 2563 :Igiiiiijiisiiiesiisfiinisiisffiisiuii
1050 2387 1053 2393 ¹

59 2539 87 2584 „
114 2502 244 2565 etuen
270 2512 303 2571 a.

136 2658 173 2781 o.
196 2683 365 2762 Secunda
384 2683 530 2780 epistola
552 2683 687 2760 Liberii
703 2684 813 2781 Papae
835 2682 921 2761 data
947 2681 996 2761 est
1014 2703 1110 2789 'Episn

60 2784 113 2865 ad
135 2784 346 2861 Catholicos
379 2782 572 2881 Episcopos
602 2784 737 2875 naliae,
761 2785 887 2879 inqua
910 2783 995 2880 Epi·
1011 2792 1110 2854 Arion

58 2883 189 2981 scopos
206 2887 266 2980 qui
283 2885 382 2959 virus
407 2885 445 2958 in
470 2880 504 2956 se
526 2882 728 2978 pestiferum
752 2880 881 2958 Ariani
905 2881 992 2976 dog·
1008 2878 1110 2972 pauiu

58 2985 172 3065 matis
189 2981 336 3057 subdole
356 2981 569 3058 exhaustum
584 2981 850 3067 condemnant,
884 2980 990 3056 vehe·
1010 2960 1110 3045 ’ΨΜ

58 3082 293 3177 mentiusque
316 3083 353 3156 in
378 3080 457 3182 ejus
478 3081 641 3159 austures
660 3080 869 3166 insaeviant,
902 3101 996 3175 quos
1010 3050 1071 3110 Μ’·

59 3182 243 3258 violentos
260 3182 399 3277 experti
422 3180 522 3270 sunt,
547 3191 718 3275 totosque
733 3179 767 3256 se
785 3179 871 3255 fidei
895 3179 997 3278 Apo·

59 3281 196 3363 stolicae
220 3278 477 3359 &Catholicae
493 3302 608 3378 usque
624 3280 671 3355 ad
689 3280 851 3358 Nicaenae
876 3278 997 3377 Syno·
1054 3287 1056 3292 ’

61 3382 100 3457 di
130 3392 349 3459 conventum
375 3379 421 3453 de
450 3382 592 3476 integro
626 3381 857 3475 mancipant,
894 3401 998 3455 recu·

58 3493 190 3661 ferent
213 3481 253 3558 id
260 3533 272 3575 ,
299 3479 397 3580 quod
423 3502 488 3579 per
518 3479 684 3561 astutiam
709 3479 883 3582 restitatis
907 3477 999 3557 ami·

75 3592 192 3661 etant.
889 3630 896 3635 ··

255 3744 261 3754 ’
366 3876 371 3890 x
469 3772 586 3878 Dd4
834 3720 1110 3895 noster-'is
