2414 4350
121 198 127 213 Ι

66 167 82 266 2
204 214 324 331 596ι
419 125 939 324 3.ἨιῑατῖὶΕρ.-Ρὶὅίωὺ.
1063 192 1087 225 ”
1169 336 1173 347 „

208 386 313 498 „non
336 395 451 472 solum
473 407 618 471 terrena
634 394 739 483 odia,
765 392 827 470 sed
851 368 890 471 dt
917 389 1156 490 spiritualium

209 497 483 596 „nequitiarum
515 496 611 573 bella
633 494 824 583 sustentat,
865 515 983 591 quam
1019 490 1156 591 supere·

209 599 441 693 „minentem
473 595 513 671 in
542 597 615 672 hoc
644 593 777 672 saeculo
807 592 1048 670 altitudinem
1080 613 1158 689 pro·

210 699 352 798 „pheta
375 721 449 772 non
461 695 715 793 pertimescens
730 695 802 770 ait:
828 690 871 768 ab
890 692 1074 767 altitudine
1092 693 1157 765 die·

210 822 315 894 ,num
336 822 401 871 non
411 794 541 882 timebo,
557 796 636 892 qaia
647 795 755 878 malti.
780 796 842 891 qai
853 789 1022 869 debellant
1039 818 1102 877 ene,
1117 794 1157 866 n·-

90 933 92 936 ·
211 893 381 993 „mebant
419 894 497 972 Scit
513 896 642 971 oeterni
654 893 781 991 iudicii
798 895 910 983 diem,
927 891 1035 968 novit
1045 907 1156 993 mter·

212 1020 331 1093 „num
349 998 493 1092 ignem,
518 992 557 1071 do
574 995 657 1073 ideo
675 995 793 1092 magis
810 993 878 1082 illi,
903 994 968 1090 qui
989 1015 1076 1068 eum
1094 995 1154 1067 de·

94 1133 107 1155 e
212 1095 379 1192 „bellare
408 1105 572 1181 tentant,
604 1095 806 1181 timebunt,
829 1104 975 1192 utpote
997 1092 1037 1168 in
1064 1115 1154 1189 qnos

69 1230 73 1241 s
212 1195 361 1292 „magis
381 1191 509 1290 judicii
533 1205 650 1269 terror
665 1193 853 1270 incumbit.
922 1192 996 1268 Pro
1025 1190 1156 1268 fiducia
1180 1274 1186 1301 ¹

213 1315 332 1392 „vero
357 1292 561 1370 securitatis
587 1294 661 1371 suae
693 1293 861 1391 subjecit:
917 1291 1002 1391 Ego
1026 1294 1157 1372 veroin

214 1390 450 1568 ,unffi
474 1391 1067 1582 s‘ttttttit‘tttrtt
1084 1393 1158 1569 tt

208 1491 340 1697 xiiii,
367 1520 563 1709 ieqtiitm:
638 1592 681 1670 In
707 1593 780 1709 lieo
800 1514 978 1693 speribo,
1015 1617 1099 1709 non·
1117 1594 1157 1668 ti·

217 1690 370 1789 fficio,
416 1691 498 1792 qaid
515 1693 630 1792 saciat
655 1693 859 1782 misacam,
894 1705 1020 1795 manet
1048 1704 1159 1789 igitur

72 1825 77 1839 ·
219 1793 514 1890 ,imperterritus
544 1792 607 1870 sub
637 1792 880 1872 misericordia
908 1791 1007 1880 Dei,
1050 1804 1159 1889 atque

218 1895 334 1986 „ideo
359 1915 489 1969 omnes
514 1884 654 1983 cairnis,
699 1893 760 1969 seu
784 1893 975 1970 hominum
999 1892 1160 1990 impetur

73 2026 101 2041 ··
218 1991 569 2088 „inseitationesque
577 2017 651 2070 non
663 1995 806 2071 metuit.
832 1992 906 2070 Sed
921 1993 1033 2087 digna
1047 1993 1159 2069 etiam

148 2110 151 2117 ·
218 2091 330 2186 „hoec
354 2092 650 2188 UnigenitoDeo
665 2117 740 2169 vox
758 2094 826 2183 est,
860 2092 918 2167 cui
933 2093 1161 2169 exinanienti

213 2191 285 2287 „se
301 2193 478 2271 virtutem
496 2191 567 2268 Dei
587 2206 700 2293 atque,
721 2208 889 2271 naturam
912 2193 1053 2268 servilis
1084 2196 1158 2269 ior·

218 2315 311 2384 „ma
342 2315 417 2367 non
442 2290 616 2381 abstulit,
665 2288 782 2370 satius
806 2295 904 2370 enim
938 2304 1024 2368 caro
1057 2291 1160 2370 Deua

86 2399 89 2403 ’
216 2392 360 2483 ‚,etiam
381 2391 420 2467 in
436 2390 673 2490 assumptione
690 2396 808 2469 carnis
831 2394 932 2468 Deus
948 2392 1159 2491 permanfit,

214 2491 283 2582 „in
310 2491 370 2566 his
395 2492 506 2566 etiam
534 2514 618 2588 quae
644 2493 910 2591 consequuntur
933 2495 986 2568 rei
1010 2515 1158 2593 quoque

210 2589 351 2687 „gestae
370 2589 582 2688 significatio
603 2597 832 2685 continetur,
856 2594 909 2669 ait
926 2593 1048 2669 enim:

30 2779 107 2848 Non
122 2798 178 2846 aa·
288 2814 325 2884 3.
355 2786 392 2865 Τ
385 2801 444 2863 ota
461 2789 515 2864 die
530 2789 630 2866 verba
651 2816 723 2868 neeo
737 2791 994 2877 execrabantur,
1026 2790 1153 2879 idest,

29 2863 146 2930 dientes

27 2969 130 3014 uocem
142 2950 201 3017 oet

23 3036 161 3120 pomon-

27 3125 80 3183 tur

212 2885 525 2987 „increpationem
545 2894 739 2968 verborum
756 2892 856 2991 ejus,
878 2884 1010 2991 quibus
1024 2892 1154 2988 impie·

212 2997 335 3078 „tates
351 3011 477 3064 eorum
498 2994 717 3087 exprobrare
734 3018 806 3075 non
823 2994 977 3077 destitit,
1006 3015 1083 3068 non
1096 3003 1153 3066 tu·

79 3162 89 3187 .
209 3084 382 3181 aelffini,
406 3088 562 3184 egressus
581 3112 725 3189 quoque
750 3116 878 3168 omnes
900 3094 1009 3193 ipsius
1030 3093 1067 3166 in
1084 3091 1152 3166 cai·

180 3211 337 3295 „caneo
367 3200 573 3281 contuentes,
608 3193 695 3267 dum
725 3191 763 3266 in
787 3192 865 3290 ejus
891 3193 1151 3293 supplantatio·

208 3309 324 3381 „nem
346 3286 579 3365 fraudulenta
605 3291 867 3389 conspiratione
900 3293 1148 3380 consentiunt,

206 3408 300 3478 „eos
309 3383 420 3482 digna
431 3389 512 3464 haec
523 3389 650 3487 judicii
666 3391 840 3467 sententia
853 3393 1147 3494 comprehendit:

206 3482 329 3578 „Sicm
356 3488 601 3584 repedaverunt
621 3494 766 3566 animam
795 3519 920 3583 eneam,
953 3491 1148 3593 pronihilo

206 3584 459 3682 „salmesacies
475 3590 573 3678 iilos,
597 3593 633 3665 in
649 3594 702 3667 ira
713 3595 855 3692 populos
879 3594 1027 3670 deduces.
1087 3590 1146 3666 Est

205 3735 235 3780 ‚,
260 3686 335 3795 uod
360 3684 518 3767 salvatur
544 3691 584 3772 in
603 3690 761 3776 nihilum
789 3692 946 3789 scilicet,
971 3690 1147 3796 quidquid

940 3810 948 3833 ··
1058 3813 1143 3885 „ro-
