2430 4356
150 280 235 373 730
268 362 275 381 ,
363 246 411 338 δέ
430 172 589 336 Hilarii
607 241 693 359 Ep.
708 182 879 334 l'r'dsao.

54 410 63 427 ⁴
150 439 272 538 „circo
291 435 360 511 ait:
396 455 526 507 omnes
545 431 636 506 servi
660 431 762 529 ejus,
797 428 841 509 de
864 430 1014 530 quidem
1034 429 1078 509 illi

149 536 286 635 ‚,servi,
317 534 373 631 qul
388 535 487 632 statis
510 533 546 606 ier
565 532 661 605 domo
685 531 832 607 Domirrr’
854 534 893 607 r'rr
915 535 1012 608 atriis
1030 533 1079 606 do·

149 662 246 732 „mus
268 633 335 709 Dei
353 633 461 732 nostri.
483 667 500 679 ··
521 631 704 707 Standum
731 653 823 726 ergo
846 632 900 707 est
923 633 964 709 in
984 634 1079 708 domo

147 735 346 831 „Dominl,
378 732 462 841 quia
481 730 686 806 benedifflo
711 729 888 810 stantium
915 735 955 807 in
983 734 1078 807 domo

125 835 237 930 .„illa
256 832 387 908 coelesti
404 831 631 906 Hierusalem
663 831 805 927 placet,
838 834 1017 929 adquam
1028 850 1079 930 per

72 994 77 999 .
146 934 346 1029 „Ecclesiae
363 933 516 1007 domum
538 930 729 1006 scanditur.
782 932 836 1006 Et
856 934 949 1029 quia
972 933 1079 1030 plures

146 1035 270 1131 „apud
307 1032 453 1106 Patrem
486 1030 689 1105 mansiones
722 1028 828 1116 sunt,
869 1033 1079 1108 benedicunt

147 1132 374 1227 „Dominum
398 1156 471 1204 non
498 1131 613 1206 solum
636 1131 676 1205 in
699 1131 811 1205 domo
834 1130 996 1220 stantes,
1031 1129 1080 1205 fed

70 1269 72 1272 v
148 1232 287 1325 „etiam
314 1232 353 1305 in
369 1230 472 1304 atriis
499 1228 589 1327 ejus.
641 1231 683 1305 ln
712 1232 810 1306 hanc
835 1250 968 1308 autem
998 1230 1079 1329 spem

99 1330 105 1337 ’
148 1330 288 1424 ,standi
305 1329 343 1402 in
368 1331 502 1419 domo,
536 1329 575 1405 ἀ
590 1331 628 1404 in
651 1328 753 1405 atriis
769 1329 925 1407 Domini
942 1333 1079 1429 proplie-

88 1459 97 1465 ·
147 1442 212 1526 „ta
237 1454 305 1503 nos
333 1429 502 1504 hortatur
527 1430 669 1505 dicens:
701 1428 743 1504 Iu
760 1429 934 1505 'noritur
950 1431 1080 1506 extollite

5 1596 10 1619 ,
147 1553 289 1623 „manus
310 1533 428 1626 vestem
451 1532 487 1604 in
503 1527 620 1628 scentia
641 1529 681 1606 Εἰ
703 1528 880 1605 benedicite
897 1531 1079 1606 Dominus.

145 1630 216 1722 ‚,ln
241 1628 344 1701 notle
364 1630 601 1724 ignorantiae,
633 1628 863 1720 insidiarum,
901 1632 1079 1706 infirmita·

146 1741 252 1822 „tum
276 1728 669 1825 concupiscentiarum,
704 1729 879 1807 vitiorum
902 1730 1081 1807 elevanda

145 1827 254 1921 „sunt
278 1850 410 1904 manus
427 1830 465 1904 in
490 1829 607 1903 sansta
633 1852 707 1903 non
730 1829 778 1904 ad
800 1831 990 1909 orandum
1013 1844 1082 1906 tarr·

145 1938 274 2021 „tum,
306 1925 419 2003 led&
445 1928 690 2024 operandum,
716 1950 843 2028 preces
865 1931 970 2007 enim
985 1928 1105 2027 nuda=

110 2096 120 2106 ,.
145 2052 247 2121 „uon
271 2027 475 2123 proliciunt.
529 2028 716 2104 Elevanda
742 2043 868 2106 autem
890 2052 1006 2130 opera
1026 2036 1082 2105 rso·

145 2126 243 2221 „stra
261 2128 395 2202 suntin
416 2126 531 2203 sanda
550 2128 641 2216 Dei,
670 2126 799 2215 idest,
836 2130 875 2206 in
899 2131 1013 2208 nudis
1028 2152 1082 2206 w·

146 2227 345 2321 ‚,lliendis,
381 2229 420 2303 in
440 2229 677 2303 esurientibus
698 2229 882 2319 cibandis,
918 2231 959 2307 in
975 2229 1081 2306 omni·

148 2331 245 2421 „bus
262 2327 469 2422 diligendis,
496 2329 577 2403 haec
593 2329 691 2404 enim
703 2328 783 2403 Deo
799 2329 942 2426 placita
957 2330 995 2408 de
1013 2329 1082 2407 sau·

148 2427 231 2520 „aa
258 2426 364 2513 sunt,
403 2425 442 2504 dt
471 2446 556 2502 curn
581 2428 649 2503 Dei
672 2429 924 2505 benedictione
952 2433 1080 2529 semper

147 2526 353 2621 „orandum
372 2526 442 2618 eli,
474 2552 521 2601 ne
540 2551 625 2603 cum
641 2551 772 2625 panem
788 2529 890 2629 inopi
910 2532 1081 2629 praeben,

147 2641 277 2720 „metu
292 2627 401 2702 famis
417 2625 525 2703 tristis
542 2628 608 2715 srs,
639 2628 791 2703 hilarem
806 2633 906 2706 enim
923 2631 1078 2707 datorem

119 2802 123 2809 .
146 2739 277 2820 „amat
294 2727 405 2830 Deus.
456 2728 556 2815 Quid
572 2738 697 2804 autem
712 2727 799 2804 laera
811 2728 849 2806 de
869 2731 1078 2807 benedicen-

89 2908 92 2915 ,
145 2829 225 2920 „tia
257 2827 484 2903 elevatarum
514 2851 690 2903 manuum
724 2851 834 2926 opera
866 2843 1078 2917 mereantur,

1 2924 2 2931 '
144 2926 328 3020 „ostendit
341 2927 487 3001 dicens:
512 2927 691 3002 Benedicat
706 2941 737 3003 te
752 2926 919 3004 Dominus
935 2958 978 3006 ex
994 2929 1076 3007 aloa

144 3027 356 3121 „Dominus
377 3025 512 3102 scilicet
540 3026 699 3103 ecclesiae
714 3028 753 3104 dt
770 3027 900 3105 sanstae
914 3027 1077 3107 Hierula·

142 3126 256 3222 „lem
308 3127 350 3202 In
371 3124 452 3200 Deo
476 3147 564 3200 vero
587 3139 727 3203 aeterno
750 3140 794 3204 ut
814 3127 915 3227 spem
939 3148 1077 3206 omnem

144 3226 327 3319 „nostram
367 3224 519 3323 pofitam
563 3227 893 3323 cognosceremus,
931 3228 1074 3325 adjecit:

143 3330 229 3424 „qui
242 3329 328 3424 fecit
351 3328 464 3401 calum
493 3325 535 3403 ss
554 3337 689 3403 unam.
741 3327 839 3406 Eum
861 3327 1001 3406 scilicet
1022 3350 1088 3405 eo·

141 3425 357 3517 „clesrarum
378 3426 447 3500 effe
464 3424 583 3501 Deum
608 3425 879 3518 demonstrans,
921 3431 984 3527 qui
1008 3449 1076 3503 coe·

139 3524 246 3620 „lum
263 3525 451 3603 fecisset&
471 3522 687 3623 terram⁸per
712 3527 758 3604 D.
774 3528 821 3605 N.
837 3524 960 3630 Jesum
974 3526 1074 3607 Chri·

139 3624 279 3719 „llum,
321 3625 382 3722 qui
407 3624 458 3704 est
481 3625 692 3704 beneditus
713 3626 903 3708 insaecula
929 3627 1072 3707 saeculo·

140 3746 260 3821 „mmo
287 3722 423 3805 Amen»
983 3824 1045 3907 Au

1042 3851 1071 3903 ιι
