2414 4350
137 276 142 283 ·
239 196 335 313 'Bi
350 246 484 310 erran
499 216 657 349 profan.
671 173 807 337 Relip,
945 220 1003 341 63
1142 264 1147 289 .

10 394 36 471 s·
66 390 445 500 ,hoerantlacertou
469 407 508 485 dc
526 420 615 484 tunc
631 408 791 507 fingunt,
806 376 852 485 xse
864 396 1010 489 lacessi

10 494 38 571 Ε
67 510 118 599 „ti
138 512 309 604 eorporis
334 507 506 606 reliquias
532 510 712 606 reperire,
745 510 783 586 dr
810 509 858 585 fic
879 508 1002 608 sopitis

66 606 246 698 „luitibus
263 607 435 702 gaudent.
456 636 462 647 ·
484 605 651 684 Omisera
666 608 892 697 mortalitas,
916 626 1003 707 quae

66 706 255 801 ,megleito
274 706 353 793 Deo
367 706 505 782 summo
521 702 617 805 spem
639 726 741 784 tuam
757 704 929 806 perdis&
945 708 1000 785 vi·

65 805 183 895 „tami
213 804 341 883 frustra
367 805 433 885 tibi
454 807 549 881 hanc
570 828 723 904 aquam,
754 829 863 902 quam
884 804 999 898 coiia',

65 917 200 1003 „putas
215 904 413 1001 aliquando
431 904 611 1003 prodesse:
637 906 709 981 alia
725 904 775 982 esi
786 928 901 1004 aqua.
928 924 1001 1003 qua

64 1004 256 1097 „renovati
282 1004 450 1079 homines
474 1004 718 1081 renascuntur.
775 1006 849 1081 Sed
872 1003 1001 1081 desen·

9 1102 36 1194 Ρ·
62 1102 183 1194 „sores
207 1103 298 1179 saari
318 1102 417 1179 isiaci
434 1104 562 1179 volunt
586 1104 721 1180 addere
737 1104 923 1203 physicam
940 1125 998 1183 ra·

10 1201 20 1252 ¹
63 1204 251 1294 „tionem
273 1202 422 1299 frugum
443 1202 577 1279 semina
594 1200 720 1280 Ofirim
735 1205 897 1281 dicentes
914 1202 996 1293 effe,

10 1278 35 1352 ’s
63 1300 165 1393 „istm
199 1312 367 1390 terram,
397 1301 612 1400 Typhonem
637 1303 819 1392 calorem,
848 1300 887 1381 dr
904 1302 994 1411 lquia

10 1390 282 1495 te„maturrume
296 1400 420 1497 fruges
434 1401 554 1475 calore
567 1402 615 1477 ad
628 1398 997 1479 vitdmhnminissol·
1057 1432 1061 1441 ¹

10 1497 33 1550 Ξ
63 1498 272 1596 „ligunmn
293 1500 482 1576 &eterra
500 1501 726 1598 separantur,
747 1499 786 1579 dr
803 1502 995 1600 appropin-

10 1600 32 1650 ¹·
62 1610 224 1695 „quante
238 1599 360 1674 hieme
386 1600 518 1675 iterum
543 1600 780 1690 seminantur,
815 1603 910 1678 hanc
928 1622 994 1677 vn·

10 1699 30 1749 fl
61 1746 74 1790 ,
99 1710 165 1775 unt
188 1696 260 1772 eise
279 1710 436 1774 mortem
459 1697 625 1789 Osiridis,
658 1724 742 1777 cum
763 1696 887 1797 fruges
910 1698 993 1777 red·

10 1796 30 1849 ¹¹
59 1796 245 1889 „duntur,
267 1798 514 1881 inventionem
536 1818 644 1888 vero,
668 1822 753 1877 cum
775 1799 898 1895 fruges
920 1815 993 1876 ter·

57 1916 133 1986 „rae
146 1896 316 1972 fomento
332 1911 487 1996 receptae
507 1920 604 1974 nova
615 1900 775 1995 ceperint
789 1898 992 1995 generatio·

10 2073 12 2083 ,
58 2020 130 2088 ,me
144 1996 341 2093 procreari.
382 1996 456 2072 Sed
476 2019 571 2094 pone
596 1999 691 2074 hauc
708 2016 832 2074 veram
855 1997 923 2073 esse
937 1992 991 2073 sa·
1121 2014 1128 2049 τ

15 2093 27 2143 ³
58 2116 231 2187 „crorum
248 2093 394 2171 istorum
419 2097 617 2184 rationem,
652 2096 739 2194 quid
763 2097 871 2173 addis
895 2097 994 2173 ince-

10 2196 26 2243 ³
58 2192 201 2285 „stum,
225 2195 263 2270 dr
284 2195 485 2271 errantibus
500 2194 708 2271 homiuibus
725 2198 862 2273 malum
887 2217 993 2273 mon·

10 2296 24 2382 ἓ
58 2292 173 2384 „stras
190 2292 426 2390 exemplum?
452 2317 517 2369 cur
533 2293 703 2390 plangitis
722 2296 844 2390 fruges
858 2289 995 2372 terrm?
1080 2354 1086 2374 ,

13 2410 23 2425 ·
56 2392 144 2485 „Ad
169 2390 459 2471 sustentationem
475 2393 617 2488 generis
645 2396 795 2471 humani
816 2397 896 2471 haec
916 2417 995 2471 sm·

10 2509 21 2527 '
54 2496 141 2583 „uia
162 2493 287 2567 diviua
297 2494 464 2587 largitate
481 2493 615 2567 donata
630 2488 727 2575 sunt,
754 2491 996 2589 agendaesunt

10 2623 18 2650 ·
57 2592 164 2681 „Deo
182 2591 310 2685 gritiae
323 2604 468 2688 propter
485 2591 577 2680 hoc,
600 2616 666 2671 nec
685 2593 733 2670 est
754 2594 822 2668 Dei
837 2592 997 2687 lugenda
1155 2669 1160 2684 ⁶

10 2708 18 2728 ·
57 2692 242 2786 „largitis
298 2690 439 2765 Deflete
466 2693 609 2786 potius,
644 2692 741 2788 quod
772 2696 922 2783 erratis,
956 2688 996 2768 dt
1055 2766 1058 2773 ,

10 2810 32 2907 ζ’
59 2792 212 2881 ,vestris
229 2789 352 2889 potius
371 2788 560 2866 funeribus
578 2805 704 2890 parate
720 2791 858 2867 solatia.
930 2828 934 2836 ·

10 2994 14 3039 ¹
127 3012 166 3085 3.
193 2983 400 3084 „Phryges
417 2986 478 3083 qui
497 2981 737 3066 Pessinuntem
755 2983 919 3065 incolunt
926 2986 995 3063 cir·

10 3111 13 3122 ·
56 3110 123 3179 „sa
144 3087 248 3162 Galli
269 3087 429 3162 fluminis
451 3088 571 3183 ripas,
596 3087 744 3165 Terram
760 3086 889 3165 volunt
915 3107 996 3160 om·

10 3205 12 3220 ¹
56 3187 186 3277 „nium
202 3187 272 3261 effe
279 3199 448 3275 matrem,
463 3186 719 3264 &utannuum
734 3184 796 3264 srbi
814 3188 995 3262 sacrorum

55 3286 249 3376 „ordinem
272 3285 457 3373 facerent,
487 3285 650 3362 mulieris
676 3287 798 3363 divitis
816 3305 993 3371 amorem,

55 3407 165 3481 „quae
189 3382 300 3460 farus
324 3386 437 3460 amati
461 3386 699 3461 adolescentis
714 3386 904 3483 tyrannice
928 3405 994 3458 va·
1048 3442 1055 3453 ,

55 3486 151 3574 „luit
179 3484 333 3572 ulcisci,
364 3508 448 3560 cum
475 3485 630 3561 lustibus
655 3486 785 3561 annuis
810 3482 995 3559 consecra·

53 3596 181 3675 „runt,
203 3582 242 3658 da
259 3599 302 3658 ut
318 3583 401 3658 satis
419 3585 523 3661 iratae
538 3584 682 3662 mulieri
702 3585 994 3680 facerent,quem

52 3682 190 3782 „paulo
217 3694 307 3785 aute
329 3683 562 3781 sepelierant,
603 3685 767 3763 revixisse
793 3683 994 3779 jasiaruut,

16 3968 25 4219 ,
