2414 4350
348 102 553 225 Continuis
587 94 693 203 VII.
890 108 997 225 '155

53 284 271 380 ‚ueratrum
292 316 367 367 non
390 296 476 390 quia
489 316 554 369 eor
573 293 765 390 genuillet,
789 291 998 379 sedentum

57 411 215 478 ,puram
245 389 450 490 suscepillet.
502 392 558 481 Ita
576 394 613 469 &
629 391 758 491 Joseph
777 406 879 489 pater
891 394 997 470 Chri·

61 488 126 577 „ui
153 489 270 568 ditius
298 492 347 572 est
371 518 444 570 nou
467 495 605 571 ratione
631 495 904 588 generationis,
938 492 998 571 sed
1050 570 1056 577 ,

59 590 229 691 ,parione
242 612 339 671 curae
355 594 392 666 in
409 593 540 674 alendo
564 592 823 688 educandoque
841 593 998 677 collatae.

57 684 291 782 „Hominum
318 691 441 786 itaquo
470 691 614 771 abusive
646 707 748 789 pater
778 690 854 777 est,
890 692 1000 767 lolius
1158 738 1164 753 ·

49 808 176 881 ·,‚vero
201 788 330 868 Christi
359 792 457 863 Deus
477 791 585 873 Pater
605 791 674 881 eu,
707 815 781 865 nou
804 804 927 869 autem
948 790 999 864 se·
1073 854 1078 867 ,
1112 814 1115 819 ·
1151 812 1165 849 ·=

57 886 249 979 „cundum
267 889 517 986 adoptionem:
541 890 784 972 &hominum
798 889 943 986 quidem
960 890 999 969 in

58 1000 254 1082 „tempore
271 1001 374 1084 poter
397 989 465 1077 est,
491 990 621 1069 Christi
644 1011 731 1065 vero
756 1006 841 1065 ante
857 1002 998 1086 tempo-

58 1104 150 1175 „ra,
177 1085 357 1185 sicutipse
378 1091 448 1165 ait:
487 1088 650 1187 Gloristco
678 1117 726 1164 me
748 1089 839 1188 apud
855 1090 1000 1187 tennnp·

59 1184 159 1283 ,sum
172 1185 306 1289 gloria,
331 1214 429 1284 quom
451 1186 564 1279 habui,
583 1191 777 1295 priusquam
792 1188 930 1272 murmur
952 1185 999 1291 es-

63 1284 154 1394 „er
176 1285 268 1393 opud
284 1298 324 1369 te.
349 1285 460 1399 goat.
482 1312 539 1397 12.
964 1289 968 1295 ’

137 1505 172 1586 s.
199 1482 417 1571 „Credimus
439 1484 550 1581 igitur
576 1484 753 1568 inunum
779 1483 898 1559 Deum
928 1482 997 1558 Pa·
1012 1502 1161 1570 Daumius

55 1588 184 1679 jurem
200 1584 532 1679 investigabilem&
557 1583 854 1670 inenarrabilem,
888 1605 997 1678 quem
1012 1590 1162 1662 marorum

59 1704 199 1777 „nemo
215 1683 405 1765 hominum
427 1685 538 1770 vidit,
560 1683 778 1778 Unigenitus
798 1704 884 1761 vero
903 1682 997 1759 solus
1012 1672 1113 1743 Paler-
1145 1730 1148 1737 -

59 1784 271 1873 „enarravit
287 1780 397 1885 joon.
416 1788 449 1859 n.
466 1808 498 1864 v.
517 1789 576 1882 46.
604 1782 708 1879 cujus
726 1781 856 1858 faciem
875 1779 998 1874 Ange·

61 1878 116 1977 „li
131 1882 307 1957 continuo
332 1882 457 1962 vident
483 1885 521 1960 in
538 1881 643 1956 coelis
653 1881 848 1957 secundum
864 1880 1014 1976 proprii

60 1980 229 2074 „ordinis
247 1981 284 2057 lit
300 1980 373 2060 loci
400 1982 623 2058 mensuramr
647 2004 757 2079 purus
777 2002 864 2056 vero
881 1993 1000 2075 pater-
1026 2058 1029 2071 ,

61 2080 129 2175 „ni
144 2079 342 2177 splendoris
356 2083 541 2167 contuitus
557 2083 701 2178 proprie
718 2080 810 2178 Filio
828 2104 900 2161 una
916 2101 1000 2168 cupa

61 2180 229 2276 „Spiritu
248 2179 365 2264 santio
388 2180 589 2263 reservatus
606 2180 665 2260 est,
688 2244 691 2249 .
716 2180 882 2273 Cumque
900 2178 1003 2257 Deus

62 2281 282 2373 „hominum
300 2281 410 2361 Pater
427 2282 651 2377 appelletur,
682 2301 901 2374 magnopere
936 2278 1004 2353 ho-

62 2379 233 2473 „minum
243 2379 540 2475 ingratitudinem
558 2378 776 2475 obstupesco,
791 2380 852 2476 qui
870 2377 1002 2456 coelesti

61 2491 196 2576 „patre
226 2478 395 2560 dereliitu
419 2480 518 2576 ligno
549 2481 697 2559 dicunt:
732 2478 1008 2558 Paterninum

63 2591 127 2670 ,ru
166 2576 248 2683 jer.
271 2606 304 2654 2.
337 2605 368 2662 o.
390 2580 464 2679 η(
481 2602 549 2658 nec
577 2579 691 2657 solum
721 2576 820 2671 ligna
851 2576 1004 2672 &lapi-

64 2679 179 2766 „des‚
205 2700 332 2754 verum
353 2681 463 2753 etiam
489 2678 604 2777 ipsum
623 2678 783 2752 latonam
802 2677 840 2752 in
861 2690 1002 2771 patrem

64 2777 281 2872 „elegerunt
299 2779 482 2859 nonnulli,
507 2803 599 2875 quos
616 2780 805 2873 increpans
823 2776 1001 2855 Dominus

65 2876 233 2971 „ajebatz
262 2878 331 2956 Vos
356 2903 454 2977 opero
478 2881 588 2975 porris
609 2879 702 2977 vestri
729 2877 869 2960 diaboli,
892 2875 1004 2967 fucitis
1098 2918 1102 2923 ·

67 2975 205 3081 „finan
229 2992 262 3062 8.
285 3004 314 3053 v.
331 3005 391 3083 4¹·
419 2980 480 3071 qui
498 3002 644 3065 eorum,
670 2978 731 3071 qui
749 3001 794 3048 ex
816 2974 1006 3051 voluntate

66 3101 179 3166 „cum
219 3076 283 3150 illo
316 3094 492 3161 currum,
525 3076 871 3174 paterappellatur:
906 3074 1005 3155 haud
1074 3128 1077 3133 -

65 3178 191 3266 „enim
214 3178 394 3271 patiemur
416 3179 520 3261 illos,
556 3178 616 3274 qui
641 3201 687 3249 ex
716 3177 890 3257 sententia
916 3172 1004 3254 illa:

68 3276 157 3371 „Eoo
176 3277 234 3350 hor
258 3277 475 3374 cognoscimus
493 3277 578 3363 filios
606 3275 673 3349 Dei
700 3275 740 3352 Θ
754 3277 849 3372 filios
880 3273 1005 3355 dioboli

68 3372 206 3477 „ffatim
229 3405 260 3471 3.
292 3405 321 3452 v.
346 3407 401 3457 10.
427 3390 577 3469 putant,
613 3378 709 3469 qnod
732 3374 883 3449 existant
910 3377 1005 3455 inter
1139 3438 1141 3443 .

69 3477 265 3567 „homines
284 3477 469 3560 nonnulli,
502 3476 565 3572 qui
591 3489 719 3551 natura
740 3490 802 3550 aut
828 3475 912 3552 salvi
937 3446 1141 3956 fiat]

70 3591 160 3673 „aut
175 3595 335 3681 pereant.
390 3579 472 3656 Nou
491 3577 589 3655 enim
614 3600 660 3656 ex
687 3575 909 3661 nocellrtate,
944 3575 1004 3653 sed

929 3697 1005 3769 υθῖς
1086 3720 1103 3773 ,“
