2430 4356
186 210 386 307 Militia
409 210 453 298 cle
469 207 564 325 Iuli.
587 208 768 301 Μοπαώ.
887 216 944 321 89
1004 212 1008 217 ’
1112 274 1116 281 -

10 401 200 493 ‚unimam
222 397 371 497 poilidet
397 394 582 486 avaritia,
622 396 682 471 his
709 397 854 473 videtur
877 419 944 494 pro

10 499 177 592 „Christo
202 498 311 589 stulta
325 510 541 595 paupertas,
566 518 650 572 cum
667 507 789 573 tamen
810 499 945 596 quastus
1044 500 1056 511 ⁸
1116 524 1124 531 ·

14 602 223 699 ‚firmagmu
235 600 342 696 pietur
359 624 429 671 cum
437 594 631 694 sufficientia
651 595 720 671 &a
744 624 773 672 r.
801 595 884 673 tim.
907 603 943 675 ό.

17 701 79 788 „si
95 697 274 775 mandata
290 697 370 779 sunt
387 697 476 783 Dei,
503 715 678 791 ,quaeper
703 696 849 772 Patrem
878 719 945 770 no·

16 796 323 887 „strumtradidit
342 796 471 879 aubin,
493 794 531 868 &
552 814 634 890 quae
652 793 842 890 sequentes
867 793 946 893 pos·

19 896 163 984 „sumus
177 895 364 992 pervenire
380 894 427 969 ad
443 916 555 987 regna
570 892 764 980 coelorum,
788 906 867 970 toto
884 917 945 979 ea,-
1144 958 1166 971 ..

22 999 125 1084 „dem
143 994 319 1070 defiderio
343 991 610 1088 compleamus,
638 990 664 1066 st
690 1006 811 1069 autem
833 992 948 1089 sequt-

23 1116 126 1184 „mur
144 1095 386 1190 cogitationes
402 1091 559 1178 nostras,
581 1089 619 1167 δι
640 1092 803 1168 adalind
827 1093 945 1168 tendit
1075 1094 1078 1099 ’
1113 1094 1118 1103 ’

23 1196 210 1282 „animum
243 1214 308 1269 cur
328 1212 486 1266 errorem
518 1189 769 1266 nostrumnon
798 1192 948 1267 confite·

24 1292 150 1382 „muri
184 1316 231 1370 ne
249 1292 391 1367 dicatur
409 1290 532 1364 nobis:
576 1291 701 1387 ejiciam
717 1317 777 1383 uua¹
791 1291 830 1366 de
851 1292 947 1367 dunzo
999 1384 1002 1391 .

26 1417 115 1480 „rnen
133 1390 256 1491 Oseeq.
273 1417 305 1465 u.
327 1415 383 1485 15.
407 1389 593 1485 Siquidem
611 1390 850 1466 conciliabula
867 1394 949 1466 Mo·

27 1493 245 1580 „pachorum
264 1512 347 1564 vere
362 1490 493 1563 domus
519 1488 587 1567 Dei
609 1487 700 1563 sunt.
755 1491 813 1587 Ne
838 1491 949 1587 igitur
1019 1528 1025 1537 ⁴

30 1592 251 1687 „polluentes
265 1612 347 1663 eam
366 1586 616 1685 projiciamur,
641 1588 785 1663 obsecro
802 1614 888 1677 vos,
906 1616 953 1669 ne

29 1689 95 1779 „de
105 1689 218 1766 nobis
233 1709 377 1784 quoque
394 1689 555 1765 dicatur:
581 1688 668 1763 alius
682 1689 809 1784 quidem
831 1688 951 1787 efirrit,

29 1789 133 1878 „alius
148 1800 256 1864 auum
272 1785 378 1862 ebrius
398 1789 439 1885 ejl
460 1813 490 1860 1.
511 1785 588 1861 Cor.
610 1814 666 1864 11.
684 1812 716 1863 u.
735 1814 805 1864 21,
820 1814 893 1863 non
910 1789 953 1869 fir

27 1891 178 1979 „domus
203 1887 320 1970 nostra
343 1888 445 1962 vocis
466 1884 617 1973 alienae,
651 1909 697 1959 ne
720 1885 951 1983 posteaquam

27 1988 375 2078 „renuntiaverimus
391 1983 541 2070 saeculo,
557 1983 595 2073 δι
611 1986 823 2080 coeperimus
840 1988 956 2063 vexil-

29 2088 126 2177 „lum
147 2086 264 2161 crucis
281 2083 397 2181 sequi,
422 2086 553 2158 iterum
570 2083 617 2158 ad
630 2084 819 2180 posteriora
835 2092 956 2162 rever·
1042 2132 1044 2159 2

30 2188 73 2274 „li
101 2207 310 2283 quaeramus
341 2184 564 2278 refrigerium
597 2185 805 2279 temporale.
850 2188 957 2274 *Quis

31 2288 150 2375 „enim
169 2284 307 2360 fruitus
322 2285 523 2357 invenietur
544 2284 580 2356 in
598 2284 723 2370 nobis,
750 2283 866 2359 autin
884 2310 956 2381 quo

31 2384 300 2482 „profeffionem
329 2383 560 2477 implebimus
587 2383 801 2478 arreptam?
838 2410 958 2475 nonne

31 2484 177 2573 „omnia
191 2482 388 2557 dimisimus
404 2481 441 2555 <lt
464 2480 624 2555 avaritiae
641 2481 886 2578 subjacemuS,
920 2484 959 2563 δι

34 2584 151 2671 „unde
178 2581 336 2656 bella&
363 2579 521 2677 puguae‘?
567 2606 687 2653 norme
710 2606 756 2655 ex
782 2582 961 2661 avaritia?

35 2682 489 2778 „namquiaunusquisque
500 2681 829 2774 quaeritutilitatem
847 2683 959 2770 suam,

10 2856 12 2861 .
37 2808 128 2868 „non
145 2781 325 2877 proximi,
340 2780 438 2877 filins
454 2778 625 2852 inhonorat
641 2779 793 2868 Patrem,
807 2781 846 2861 ΕΞ
860 2781 959 2857 Pater

39 2879 237 2980 ‚proprobrut
247 2878 326 2978 filio
349 2878 457 2951 [ilict.
478 2889 511 2954 (a.
537 2902 568 2950 v.
587 2882 622 2953 ὁ.

105 3106 161 3155 12.
189 3077 338 3171 „Siquis
357 3075 392 3149 in
408 3075 530 3148 ¹domo
552 3074 755 3150 monasterii
780 3074 842 3148 sub
868 3074 963 3149 Prae·
975 3071 1145 3170 Monachus·

43 3179 171 3273 „posito
196 3196 349 3251 manens
375 3175 475 3247 nulla
500 3195 539 3246 re
565 3174 759 3268 indigene,
795 3198 904 3268 quam
928 3168 1143 3256 inopumqu-

45 3275 274 3365 ‚‚monasterlo
295 3276 427 3347 habero
441 3273 650 3368 permiffum
671 3273 740 3358 est,
772 3275 882 3347 habet
903 3298 964 3370 pa·
977 3242 1082 3391 ‘'lint''
1096 3263 1146 3308 ν’*

47 3391 157 3463 „trem
178 3375 399 3466 fratremque
420 3372 456 3446 tlt
480 3374 635 3446 ornicum
654 3373 886 3457 catillianum,
914 3376 966 3448 ui·
979 3347 1076 3415 σφω’

49 3475 116 3560 „hil
137 3477 181 3548 ab
199 3477 253 3548 eis
267 3475 411 3570 penitus
430 3474 594 3566 accipiat,
615 3496 687 3544 uon
707 3473 881 3552 tunicam,
896 3498 970 3549 uun

51 3574 273 3668 „palliolum,
301 3596 374 3644 non
393 3572 500 3644 :iliam
519 3571 717 3664 quamlibet
734 3595 829 3644 rem:
856 3571 881 3645 fi
904 3596 968 3645 au·

54 3686 143 3761 olem
158 3672 433 3777 comprobatum
449 3671 570 3848 l'uelpit,
588 3672 684 3767 quod
701 3672 822 3776 minus
839 3671 972 3843 lrabept

162 3798 165 3803 ¹
556 3792 577 3869 5
901 3821 927 3862 rr
954 3793 975 3843 e
