2414 4350
814 124 826 171 l

231 182 453 319 Deserron
473 216 632 345 prestiti.
654 172 786 331 Relig.
918 241 974 335 ῃ
1041 282 1046 301 .
1099 286 1104 299 ..

42 405 194 503 „quibus
205 406 377 481 remediis
387 428 533 482 uenena
550 394 841 503 ejushvincan'tur.
865 402 971 480 Chri.

10 576 15 589 ,
46 506 102 594 „li
128 506 377 585 immortalem
401 507 608 599 sanguinem
631 505 818 594 bibimus,
852 503 972 597 nolito

10 642 13 659 ·
47 604 228 701 „sanguini
248 603 329 701 ejus
354 604 496 699 sanguis
520 604 708 701 adjuntlus
731 603 801 691 est,
832 596 903 678 hoc
922 602 973 679 est

10 739 14 757 ·
48 696 452 791 ,blutaretemedium‚
475 704 607 800 quoda
633 704 702 779 [lei
718 703 822 800 plebe
844 703 972 779 morti·

10 839 13 856 =
47 804 181 893 „serum
200 804 301 881 virus
313 803 487 884 excludit.
512 804 602 890 Quis
618 803 726 877 deum
736 802 972 898 illum,quem

47 903 255 998 „plangunt
273 926 358 985 cum
375 904 545 977 cornibus
563 901 680 977 vidit?
702 900 788 979 Alia
803 900 972 979 suntcor-

47 1027 156 1090 „nua,
182 1025 267 1099 quae
290 1004 465 1099 propheta
479 1015 763 1088 commemorat,
781 1023 864 1096 quae
881 999 973 1081 nihil

46 1100 166 1189 „aliud
194 1100 259 1178 nist
283 1102 532 1181 venerandum¹
567 1101 705 1195 bguum
731 1101 848 1177 crucis
870 1125 973 1179 mona
990 1110 1076 1176 aaa

47 1200 199 1289 „llrant,
224 1222 298 1297 quo
320 1201 479 1282 mundus
504 1199 738 1287 sustentatur,
770 1215 974 1276 tenacem
991 1194 1113 1281 Clodii·

47 1298 273 1399 „llringitur‚
299 1301 337 1376 dc
354 1326 375 1375 e
392 1302 571 1389 duorum,
595 1322 679 1395 quae
706 1321 770 1396 per
794 1299 892 1375 latus
914 1324 974 1377 va·
989 1289 1109 1379 “im
1134 1322 1150 1385 ,’

48 1400 180 1488 „dunt,
213 1402 427 1497 compagine
446 1401 566 1480 oriens
592 1400 776 1494 tangitur,
809 1401 979 1475 occidens
990 1364 1137 1521 mn*

51 1499 278 1587 „sublevatur
289 1552 300 1589 ,
323 1515 363 1574 ut
382 1499 541 1579 fictotus
558 1500 656 1573 orbis
679 1500 858 1597 tripartita
873 1499 978 1575 stabi·

52 1596 172 1687 „litate
189 1600 355 1673 firmatus
378 1598 514 1677 confixi
545 1600 664 1694 operis
690 1598 979 1674 immortalitatis
1030 1672 1039 1694 ,

50 1698 200 1788 „radicis
230 1698 468 1777 fundamenta
493 1698 636 1773 habeat.
688 1698 772 1773 Hoc
801 1699 978 1777 secretum

48 1799 173 1886 „uobis
190 1796 341 1873 Abacuc
361 1797 542 1893 Propheta
558 1797 707 1873 tradidit
725 1822 797 1894 cop.
817 1825 851 1891 3.
878 1824 910 1872 n.
937 1825 975 1893 3,

47 1897 121 1987 „Tu
140 1897 282 1973 Christe
297 1898 474 1972 mundum
500 1896 538 1971 dc
561 1909 695 1971 terram
718 1894 873 1970 extensis
897 1921 977 1972 ma.
1097 1909 1100 1913 ·
1181 1958 1188 1981 ,

47 1997 177 2087 „nibus
192 1996 383 2079 sustentas:
407 2009 449 2073 ut
467 1995 649 2071 Amalech
662 1995 887 2081 vinceretur,
912 2019 978 2070 ex·

46 2095 178 2185 „tenfis
202 2094 371 2177 manibus
386 2096 466 2171 haec
487 2097 652 2171 imitatus
677 2094 726 2169 est
741 2116 895 2171 cornua:
927 2095 979 2179 ad

46 2196 150 2285 „baec
170 2218 305 2270 cornua
330 2208 539 2292 properate,
563 2196 611 2269 ad
628 2197 708 2273 baec
723 2195 852 2270 humili
868 2219 977 2271 venen

45 2296 212 2385 „ratione
232 2295 439 2388 confugite,
461 2295 519 2369 his
538 2318 602 2368 vos
631 2292 780 2389 alligant
806 2297 979 2371 cornibus

44 2395 236 2492 „jullitiae,
270 2396 454 2488 aequitas,
475 2394 677 2490 pudicitia,
712 2393 978 2483 misericordia,

10 2562 13 2571 .
43 2495 257 2589 „patientia
275 2493 387 2577 fides,
404 2508 446 2569 ut
459 2495 664 2567 veneranda
680 2494 913 2588 praeferentes
923 2494 979 2566 in·

43 2594 183 2689 „signia
208 2591 404 2666 consecrati
431 2592 543 2667 sontis
575 2590 757 2687 majestate
781 2595 983 2685 gaudentes

45 2694 108 2784 „dt
129 2690 324 2790 sepulturae
338 2692 465 2771 Christi
478 2691 669 2789 participes
686 2690 761 2768 sitis
778 2691 815 2766 dt
831 2695 929 2776 vitae,

119 2916 179 2984 19.
207 2888 343 2978 „Aliud
362 2889 565 2985 symbolum
585 2912 839 2985 proponamus.
869 2887 1044 2972 Noctem
1076 2903 1158 2990 fasc

45 2990 230 3086 „quadam
248 2990 476 3065 simulacrum
502 2991 538 3062 in
556 2987 680 3063 lectica
698 2989 862 3085 supinum
880 2991 979 3083 poui-
995 2991 1034 3059 sn’
1061 3010 1138 3055 nero

45 3105 153 3178 „tur,
178 3088 217 3164 dt
240 3112 302 3185 per
326 3112 496 3163 riurneros
512 3089 655 3181 digestis
672 3088 818 3163 llctibus
841 3087 979 3183 plangi·
995 3074 1138 3147 utilim-

44 3203 160 3280 „tnr,
186 3189 316 3264 deinde
334 3190 459 3263 lumen
481 3188 655 3271 inl'ertur,
688 3189 725 3263 dc
748 3213 769 3261 a
796 3187 981 3265 sacerdote

43 3289 251 3380 „omnium
275 3289 503 3382 ccidebant,
529 3287 654 3360 fauces
672 3302 876 3382 unguntur,
902 3289 981 3382 qui·

43 3390 141 3479 „bus
159 3389 336 3484 permittis
357 3387 520 3461 sacerdos
539 3387 608 3458 hoc
623 3387 721 3460 lento
730 3409 914 3461 murmure
925 3387 981 3460 lu·
1027 3423 1029 3427 ·

44 3488 210 3579 ‚,sutrat:
247 3487 389 3584 &coaice
404 3484 538 3575 μύσται
552 3485 598 3556 ei}
614 3488 684 3560 baa}
700 3479 861 3573 aasabim
880 3472 985 3567 locut

44 3589 147 3686 „1de
170 3586 246 3677 aab
269 3587 304 3661 ἐν,
333 3584 451 3679 >optor
479 3583 641 3679 ocicnpla.
709 3587 804 3670 Quid
833 3586 985 3665 miseros

42 3689 251 3791 ,mortaria
278 3700 320 3769 ut
332 3689 545 3874 gaudeantk
554 3707 664 3778 quam
679 3685 752 3764 illis
767 3684 863 3783 spem
872 3708 985 3857 qpalm

525 3806 545 3867 ⁴.
571 3810 592 3879 5
866 3837 891 3877 υ
907 3808 928 3871 ,ἃ
943 3808 984 3870 ῐὶ·
