2414 4350
84 228 89 249 ·
160 162 163 167 ¹
290 238 301 283 .·
376 154 589 330 ⁸Cotechefis
624 208 675 305 V
667 212 704 305 I.
936 240 1019 333 Ι47

65 390 282 498 „quomodo
296 408 386 474 tunc
413 398 478 474 lux
498 401 667 477 tenebras
691 395 808 479 tollit·
854 396 948 478 ltem
973 396 1017 479 li·

61 501 170 589 „mul
191 500 260 572 esse
277 490 349 573 no⁸n
374 500 540 595 potsunt:
566 523 648 596 quae
668 502 766 577 enim
783 500 936 578 societas
961 502 1018 579 lu·

67 601 124 688 „ci
143 600 193 674 ad
218 596 414 674 tenebras?
449 620 515 672 nec
540 600 680 695 possunt
699 602 808 675 ossea
840 602 874 674 se
902 600 1017 699 rejun-

66 698 160 790 „teu
183 699 278 772 alias
296 698 398 772 suum
422 703 574 794 quisque
600 701 780 775 obtineret
799 701 944 785 lotum.
978 700 1018 779 dc
1095 750 1098 761 ·

62 796 138 889 „fic
168 821 239 871 nos
258 798 297 872 in
320 797 428 871 unius
456 797 525 872 Dei
543 797 681 873 ditione
709 801 950 881 versabimur.
973 800 1014 879 dt

60 912 208 990 ,',unum
251 898 494 971 adorabimus.
556 898 647 972 ltem
673 914 850 995 potensne
875 902 923 975 est
951 903 1016 976 bo·
1119 899 1122 908 '

60 1020 161 1091 „nus
179 997 303 1083 DeuS,
329 997 615 1092 autimpotens'?
637 996 830 1094 fipotens‚
860 1019 1013 1093 quomo·
1081 1030 1083 1035 ·

58 1097 138 1189 „do
158 1097 276 1172 invito
295 1095 371 1192 ipso
400 1113 571 1171 exortum
602 1094 652 1171 est
668 1100 826 1173 malum:
854 1099 1014 1196 stimpo·

57 1210 201 1289 μεμε,
230 1195 331 1270 Deus
352 1196 503 1270 nonest.
556 1190 698 1273 Deinde
715 1199 858 1283 ‚bonum
882 1194 1013 1275 Christi

57 1294 241 1388 „Patrem
256 1286 325 1371 elle
340 1294 482 1382 volunt,
494 1295 673 1371 Christum
688 1318 774 1377 vero
789 1298 896 1371 solem
906 1296 1012 1375 istum

59 1392 296 1492 „appellante
322 1392 447 1489 fiergo
461 1395 619 1470 mundus
632 1389 739 1492 juxta
759 1397 843 1471 illos
868 1420 891 1471 a
911 1395 1011 1472 malo

62 1491 286 1591 „produitus
307 1491 378 1582 est,
401 1517 485 1569 cum
504 1493 555 1568 sol
580 1498 619 1569 in
643 1496 780 1572 mundo
802 1496 924 1572 locum
945 1495 1012 1572 ha·

62 1596 205 1686 „bean
244 1593 428 1688 quomodo
455 1594 543 1670 boni
571 1588 668 1672 filius
692 1597 731 1673 in
759 1596 898 1672 ditione
919 1588 1007 1673 mali

61 1693 231 1786 „invitus
250 1688 386 1767 servit?

133 1896 170 1976 8.
196 1877 282 1979 „Ac
305 1880 425 1963 omnis
450 1877 598 1984 quidem
631 1876 810 1963 haereseos
840 1880 1007 1962 inventor
1016 1882 1119 1963 Simon

61 1989 220 2082 „Simon
236 2004 366 2082 magus
389 1984 479 2072 fuit,
506 1986 566 2081 qui
587 1986 771 2082 postquam
789 1986 834 2061 ab
852 1984 1002 2082 Apollo·
1014 1980 1118 2055 magu

61 2089 135 2181 „lis
163 2086 297 2186 ejectus
320 2087 413 2174 suit,
447 2087 603 2160 Romam
625 2086 796 2170 veniens,
829 2084 867 2162 dt
893 2052 1127 2205 Hele-lgtsffl

62 2203 176 2279 ,mam
207 2187 446 2277 meretricem!
460 2187 642 2280 quandam
667 2184 731 2259 fibi
750 2182 952 2281 adjungens
970 2177 1006 2260 le
1042 2161 1127 2209 'mm‘

62 2286 206 2386 „ipsum
223 2287 343 2360 dicere
367 2285 474 2358 ausus
500 2282 569 2366 est,
596 2285 658 2380 qui
682 2297 869 2381 tamquam
898 2286 1007 2362 Patet

63 2388 128 2478 „in
145 2399 272 2460 monte
297 2384 386 2459 Sina
406 2384 501 2458 visus
522 2378 625 2467 esset,
652 2385 749 2480 apud
774 2383 922 2482 Judaeos
943 2409 1007 2459 ve·

64 2508 129 2576 „ro
150 2484 270 2581 postea
293 2502 367 2557 nou
387 2483 424 2559 in
444 2505 572 2565 carne,
599 2481 659 2556 sed
676 2482 790 2579 specie
816 2496 1006 2580 tamquam
1117 2489 1118 2495 ’

63 2584 188 2685 „Jesus
219 2583 380 2659 Christus
413 2581 652 2681 apparuisset,
687 2582 724 2656 dt
749 2580 824 2678 post
850 2584 931 2658 haec
963 2594 1006 2658 ut

63 2682 433 2783 „Spirituasanuum
460 2702 569 2776 quem
596 2679 756 2754 Christus
782 2682 1005 2758 mittendum

63 2783 322 2883 „promiseram
350 2798 393 2855 ac
412 2781 658 2854 Romanorum
674 2781 860 2855 civitatem
887 2802 1004 2876 usque

64 2885 184 2975 „adeo
203 2882 357 2978 decepit,
383 2892 425 2954 ut
438 2878 613 2954 Claudius
631 2876 709 2974 ejus
724 2879 876 2954 statuam
890 2880 1006 2973 erige·
1034 2886 1039 2893 “

63 2996 168 3074 „ret‚
204 2992 289 3056 cum
323 2978 392 3053 hac
423 2979 649 3073 inscriptione
690 2976 822 3054 litteris
862 2976 1006 3052 latinis:

63 3084 241 3173 „Simoni
266 3076 356 3151 Duo
382 3078 556 3153 Saotero.
609 3078 702 3151 Cum
728 3098 814 3152 vero
841 3092 940 3151 error
972 3072 1007 3150 se
1043 3080 1052 3089 “

63 3182 203 3273 „latius
237 3178 446 3274 spargeret,
483 3170 727 3275 &pollicitus
760 3172 845 3251 esset
877 3170 1007 3253 Simon
1100 3168 1106 3177 ’

62 3282 121 3371 „se
146 3271 336 3353 sublimem
359 3277 398 3350 in
427 3274 539 3349 coelos
564 3273 701 3349 elatum
718 3276 784 3361 iri,
802 3276 850 3349 'ac
868 3273 1007 3351 daemo-

62 3397 177 3471 „num
199 3373 368 3452 vehiculo
387 3375 546 3449 sublatus
568 3396 732 3470 peraeta
753 3372 919 3460 serretur,
945 3396 1008 3468 ge·

62 3480 196 3569 „nibus
232 3474 416 3573 provoluti
448 3475 577 3548 Petrus
608 3472 646 3548 dt
675 3468 811 3548 Paulus
838 3470 1008 3549 Ecclesrae

61 3569 268 3670 „Praesules
305 3569 392 3648 illuc
415 3573 573 3672 appulsi,
608 3574 829 3671 praecipitem
859 3573 905 3646 ad
935 3584 1008 3645 ter·

60 3697 167 3773 ,uam
191 3675 415 3773 dejecerunt.
467 3672 598 3844 Petkus
623 3674 725 3763 enim
760 3683 840 3748 etat
862 3670 920 3758 is,
946 3671 1008 3763 qui

271 3804 276 3809 ·
590 3789 612 3850 2
895 3772 1008 3862 „coeli
