2414 4350
252 110 255 117 ¹
341 64 576 240 'Uapecdefis
603 120 709 219 XV.
738 124 755 133 ’“
851 67 854 75 ¹
918 108 1004 245 ²⁵17

942 250 949 287 t

57 306 171 415 „prin
202 302 352 414 persona
379 336 444 412 per
472 312 585 413 ipsum
618 323 840 413 operantem.
898 310 1003 393 l'dol'a

10 428 31 481 ¹¹
57 416 206 505 „etiam
220 415 304 489 odio
328 414 520 490 habiturus
543 413 593 489 est
614 414 949 507 Antichristumtto
966 426 1004 491 nt

10 528 39 583 e·
55 512 159 615 „ipso
177 515 215 589 in
229 513 346 613 tenpio
364 513 431 590 Dei
437 513 561 612 sedeat.
580 512 638 589 rra-
651 540 682 589 υ.
700 540 736 611 4.
756 513 892 609 templo
911 513 1003 589 scili·

10 604 29 683 d
52 626 152 705 „cet
163 612 516 713 eversoJudaeorum
532 614 570 690 dt
586 613 691 688 initio
708 614 854 710 quidem
873 613 1002 688 huma·

10 708 39 781 i·
51 714 248 805 „nitatem
263 711 459 798 simulans,
484 714 603 809 postea
622 735 708 785 vero
725 712 907 801 feritatem
924 736 1003 789 ma·

10 813 193 903 ossxime
232 812 420 897 aduersum
448 812 599 897 Santios
631 812 698 884 Dei
731 812 1002 899 demonstrans,

10 930 24 981 o
52 934 178 1003 „nam
198 912 262 987 orit
283 911 434 1010 offlidir'o,
457 913 564 1007 qualis
583 913 749 1008 nonfuit,
782 937 824 985 ex
841 936 902 1003 qno
922 935 1010 1009 gens·

10 1030 22 1081 t
53 1010 205 1103 „corruit
216 1009 317 1110 super
333 1023 454 1086 terram
470 1011 568 1095 Dan.
592 1038 646 1084 12.
667 1036 698 1084 n.
725 1037 754 1085 1.
781 1010 918 1084 Idcirco
937 1012 1002 1083 ad·
1116 1066 1119 1073 .

10 1106 26 1197 i
52 1108 241 1202 „versarii
271 1109 377 1203 hujus
412 1113 486 1184 vim
518 1110 730 1207 pernoscens
759 1110 828 1205 piis
858 1112 1001 1184 veniam

10 1210 30 1279 'r'-
53 1206 260 1301 „concedit
281 1207 401 1304 ojens:
424 1220 500 1282 tnnc
522 1210 632 1304 quiin
653 1208 784 1310 fflrdaa
804 1221 915 1295 erunt,
940 1211 1002 1306 su·

10 1308 19 1379 i
60 1311 189 1406 „giam
203 1309 240 1382 in
254 1307 510 1382 montumano.
530 1334 588 1404 24.
608 1332 639 1380 o.
659 1324 691 1381 o.
719 1308 841 1403 Siquis
857 1330 942 1381 uero
961 1306 1005 1382 sr-

10 1428 19 1479 r
62 1406 329 1498 „bi-firmitatis
347 1405 508 1481 conscius
525 1404 579 1485 srt.
592 1420 633 1479 ut
648 1406 818 1480 adversus
829 1407 1004 1481 Satanam

61 1519 299 1604 „repugnet‚
334 1504 518 1602 persistat.
555 1529 639 1579 nam
671 1506 769 1579 Deus
804 1503 1005 1595 afflittionis

63 1605 380 1701 „magnitudinem
408 1605 534 1699 paucis
563 1605 690 1678 diebus
714 1604 1003 1700 circumscripsit,

10 1722 41 1919 ik
65 1703 182 1797 „dicit
202 1706 323 1777 enim:
356 1703 417 1799 sed
429 1716 565 1801 propter
581 1702 690 1775 elatior
707 1704 916 1776 decurrantur
935 1704 1004 1776 dics

10 1822 23 1872 t

66 1801 155 1895 ,olla
183 1800 235 1878 Id.
261 1828 293 1877 v.
319 1828 378 1877 22.
418 1803 583 1896 regnabit
611 1803 742 1897 quippe
763 1800 1006 1876 Antichristus
1132 1813 1135 1821 '

10 1912 32 1995 t
70 1914 171 1993 „tres
203 1924 320 1976 annos
353 1901 390 1976 &
425 1901 615 1976 dimidium
651 1901 829 1975 duntaxat
855 1898 947 1975 Dan.
968 1926 1004 1999 7.

10 2012 34 2129 ‘i
70 2022 124 2092 jar.
143 2026 202 2175 aa.
220 1999 270 2074 Et
289 2000 425 2075 dabitur
441 2003 475 2074 in
492 2024 589 2073 mann
606 2003 674 2096 ejus
692 2025 789 2096 nsque
806 1999 852 2073 od
867 2011 1004 2097 tempus,

10 2115 34 2165 t»
73 2100 166 2191 „ide
196 2151 207 2183 ,
233 2123 369 2174 annum
388 2123 523 2185 unum,
551 2099 591 2175 dd
609 2112 767 2195 temporo,
792 2096 925 2173 scilicet
940 2122 1005 2177 an·

10 2190 23 2262 i
72 2224 161 2289 „nos
180 2200 286 2283 duos,
314 2198 354 2274 Εἰ
373 2199 545 2272 dimidium
561 2199 726 2295 temporis,
753 2198 812 2272 seu
828 2198 887 2272 sex
902 2221 1006 2273 men·

10 2310 21 2360 Ι
74 2298 159 2389 „ses
191 2297 359 2375 Fortaffis
378 2301 488 2372 etiam
512 2297 679 2373 nonnulli
695 2297 732 2372 in
751 2298 845 2371 hanc
865 2295 1006 2371 senten-

10 2407 18 2456 Ι
73 2399 183 2487 „tiam
203 2399 429 2493 interpretati
448 2396 527 2470 sunt
541 2396 638 2492 quod
656 2397 830 2492 sequitur:
845 2397 912 2470 dies
930 2395 1007 2470 mil·
1097 2492 1101 2499 ι

10 2494 30 2631 tp
72 2497 274 2586 „inducenti
297 2499 479 2595 nonaginta
505 2496 598 2570 Dan.
622 2521 806 2572 12.v.11.
832 2495 869 2571 dt
893 2495 1006 2570 illud:

20 2638 27 2684 .;
72 2597 287 2696 „peremnia
304 2596 391 2673 dics.
419 2594 506 2668 mille
523 2606 689 2679 trecentos,
715 2595 856 2692 triginta
869 2596 1015 2690 quinque⁴

18 2784 21 2789 ,
71 2720 122 2784 „n
147 2722 204 2772 12.
232 2695 344 2769 Porro
360 2719 428 2789 ego
444 2696 544 2790 super
561 2715 688 2767 omnes
707 2708 887 2788 martyres
905 2693 1007 2768 illius

17 2849 24 2861 ·
73 2794 270 2892 „temporis
296 2808 477 2889 martyres
501 2793 567 2866 effe
594 2792 774 2883 dixerim3
811 2803 891 2866 tum
920 2796 1006 2887 quia

16 2890 22 2903 '
71 2912 182 2983 „cum¹
196 2894 333 2967 Satana
357 2892 430 2989 ipso
454 2893 490 2967 in
516 2891 658 2988 propria
682 2891 831 2985 persona
854 2911 1005 2984 congre·

70 2993 257 3083 „dienturr
282 3003 360 3066 tum
376 2993 459 3088 quia
472 2992 531 3065 hic
547 2989 734 3085 conjunta
747 2991 816 3065 erit
833 3013 915 3064 cum
932 3004 1005 3063 ter·
1119 3002 1125 3009 ·

70 3093 186 3183 „roris
206 3104 285 3167 tum
306 3091 529 3188 deceptionis
547 3112 608 3185 per
626 3089 713 3162 falsa
737 3089 899 3185 prodigia
916 3089 1008 3166 inci·
1149 3120 1155 3131 ·

69 3192 197 3283 „tatio
250 3189 356 3266 Unde
378 3205 525 3267 cautum
552 3202 588 3264 te
614 3189 703 3262 fucit
728 3187 922 3285 Apostolus
951 3188 1006 3265 di·
1099 3200 1111 3233 ⁸·

69 3314 199 3382 „censt
236 3291 555 3388 promereamini,
587 3289 623 3361 id
651 3288 794 3381 estfieri
818 3289 1006 3373 concedet,
1082 3353 1084 3359 .
1147 3328 1151 3335 ·

22 3438 25 3443 ·
69 3393 139 3480 ‚·,er‘s
159 3388 255 3464 Dens
275 3391 490 3486 operationem
508 3389 630 3460 amoris
641 3441 651 3474 ‚
689 3399 725 3460 nt
747 3387 1004 3474 condemnentur,

68 3491 170 3586 ,ania
188 3514 254 3564 non
269 3488 474 3563 crediderunt
489 3487 632 3560 ueritati.
656 3513 688 3561 2.
717 3485 820 3585 Tlnff.
840 3514 873 3562 2.
894 3511 924 3560 n.
949 3512 1006 3561 ro.

21 3664 30 3685 ,
67 3590 153 3680 „sed
174 3585 408 3667 Antichristo.
424 3639 449 3678 „
500 3585 665 3680 Teipsum
685 3586 796 3681 igitur
817 3586 1009 3682 praemuni,
1096 3638 1100 3643 .

524 3684 554 3758 Ο
582 3708 600 3778 5
870 3686 1010 3775 „habes
1118 3775 1122 3783 1
