2414 4350
212 190 301 289 600
432 138 654 319 sanna
674 126 756 312 ap.
770 192 938 327 Paulo.

207 365 531 478 '„misericordiam
552 383 627 460 'Dei
649 382 859 482 sperandam
886 381 979 472 esse,
1011 379 1074 479 qui
1091 403 1161 457 cre·

217 484 395 577 „derentr
420 485 458 559 dr
475 483 728 559 misericordiae
741 483 810 558 Dei
825 480 1000 561 effessum
1015 480 1163 557 ostendit

221 585 400 676 „dicensz
443 582 494 659 Et
513 587 554 658 'in
572 581 690 659 umbra
714 582 847 658 olorum
863 580 1168 683 tuorumfperabo,

105 710 108 719 ·
167 728 170 733 ι
220 685 347 776 „dorne
370 681 515 785 transeat
529 683 706 779 iniquitas,
740 682 779 759 id
802 681 873 771 est,
908 681 1004 759 dum
1021 693 1088 757 aut
1106 679 1163 757 sae·

80 798 83 809 “
220 785 321 875 „culi
340 783 529 870 scandala,
554 796 619 858 aut
635 784 848 879 iniquitates
864 782 1092 881 impiorum,
1107 794 1164 857 aut
1200 844 1203 875 ,

222 894 405 977 „terrenae
427 882 646 958 humilitatis
666 882 920 969 infirmitates,
952 880 1049 957 dum
1075 881 1164 956 hauc

222 985 362 1081 „ipsam
380 981 478 1081 quast
493 982 700 1080 speluncam
723 981 924 1059 habitaculi
951 981 994 1057 dr
1009 981 1165 1078 corporis

222 1085 325 1176 ‚,sui,
352 1105 424 1182 qua
439 1107 535 1156 nunc
553 1082 602 1158 est
619 1079 761 1157 clausus
776 1081 918 1167 David,
941 1083 1107 1167 evadet,
1131 1080 1163 1155 dt

223 1182 396 1279 „sperans
414 1183 476 1257 sub
487 1182 614 1258 umbra
631 1182 771 1258 alarum
786 1179 1165 1279 seuprotettronisbei

165 1306 168 1312 ·
212 1280 373 1375 .‚,officio
396 1282 467 1380 spei
491 1282 565 1357 suae
588 1281 725 1379 semper
749 1284 914 1357 intentus
942 1279 997 1357 est
1023 1281 1162 1357 dicens:

91 1407 98 1421 ·
225 1379 416 1474 „Clomubo
431 1380 477 1456 nd
493 1381 601 1456 Deum
618 1382 820 1483 olsiffimum,
847 1380 978 1470 Deam,
1006 1383 1067 1477 qui
1080 1378 1164 1454 beno

226 1483 332 1583 ,jecit
353 1476 444 1558 mini.
510 1481 658 1558 Clamat
681 1481 754 1557 fide
777 1482 900 1578 potius
925 1502 1042 1583 quarn
1067 1501 1164 1563 uoco,

226 1583 316 1679 „qui
332 1581 477 1678 sirgie'ns
493 1580 531 1658 dt
547 1582 666 1657 latens
680 1582 826 1658 clamat.
891 1578 1009 1655 Porro
1027 1604 1104 1655 non
1124 1577 1165 1653 es

227 1683 294 1775 „in
317 1680 479 1757 sermone
512 1681 686 1778 sperantis
709 1680 907 1778 gratulatio
932 1680 1162 1780 adeptorum,
1201 1706 1203 1713 ’

228 1781 318 1874 „sed
332 1782 554 1879 propheticae
571 1781 656 1856 fidei
678 1782 747 1871 est,
783 1778 950 1876 gerendis
972 1804 1051 1856 non
1066 1780 1166 1856 aliter

226 1882 442 1983 „gaudere‚
473 1903 585 1978 quam
613 1880 741 1976 gestis,
772 1880 870 1957 unde
890 1879 1003 1955 dicit:
1037 1880 1166 1979 missso

229 1983 337 2074 „cralo
352 1979 394 2058 ὅ
410 1979 564 2056 liberauit
581 2007 631 2055 me
651 1980 720 2057 &a
736 1979 917 2055 benefecit
929 1979 1034 2055 Deus
1051 1977 1166 2057 saum

228 2077 326 2175 „suo
337 2081 516 2156 mittendo
535 2080 582 2155 de
596 2081 717 2166 coelo,
753 2094 795 2156 ut
809 2081 963 2155 liberato
981 2104 1027 2155 eo
1054 2081 1093 2155 io
1113 2102 1167 2178 op·

127 2180 129 2185 ’
229 2179 427 2280 „probtr'uur
447 2179 503 2268 li,
534 2182 590 2276 qui
610 2207 680 2254 eum
704 2178 956 2267 conculcabant,
988 2181 1168 2256 dotentur:

230 2279 296 2373 „dt
312 2282 398 2378 mifit
419 2279 673 2378 nlisericordiom
694 2279 792 2379 firom
817 2280 858 2357 Εἰ
879 2280 1053 2356 veritatem
1071 2278 1168 2378 flaura

230 2377 305 2471 „ad
329 2380 528 2476 eripiendam
555 2379 716 2454 demedio
736 2383 919 2454 catulorum
943 2380 1076 2455 leonum
1098 2380 1169 2453 oni·

228 2502 345 2570 „mom
369 2480 497 2578 ipsius,
529 2504 602 2553 cam
626 2478 836 2556 conturbatus
858 2477 1036 2579 dormr'ffet.
1109 2478 1168 2557 Sic

227 2599 356 2669 „mors
376 2577 595 2674 significatur
615 2579 662 2654 in.
683 2579 827 2654 somno:
864 2577 910 2653 src
935 2579 1169 2654 conturbatio

94 2775 96 2778 v
228 2677 473 2770 „dormientis
499 2677 710 2772 significatio
736 2678 785 2752 est
808 2677 1000 2776 paffionis,
1035 2677 1078 2754 dc
1100 2702 1167 2753 nor

227 2776 319 2870 „alii
334 2801 465 2854 canum
481 2775 540 2853 vel
550 2778 698 2854 leonum
715 2779 828 2854 catuli
840 2779 997 2873 intelligi
1014 2779 1167 2875 possunt,

43 2934 47 2941 ,
141 2908 147 2919 κ
211 2899 365 2972 ,quam
382 2878 444 2974 qui
462 2876 541 2952 sunt
567 2879 666 2952 natio
690 2879 915 2976 viperarum,
948 2879 994 2952 de
1011 2900 1168 2975 quorun

227 2976 379 3068 „medio
400 2977 521 3052 anima
552 2978 701 3074 eripitur
725 2979 929 3073 promissae
954 2978 1050 3053 coelo
1066 2979 1139 3053 mis
1157 3006 1160 3011 ⁴

227 3075 410 3166 „ricordia
427 3075 464 3150 dt
481 3078 645 3153 veritate.
689 3077 736 3152 Et
754 3077 778 3153 sr
794 3077 1092 3153 misericordia&
1107 3103 1165 3152 ve·

227 3175 346 3267 „ritas
370 3176 413 3250 D.
437 3175 484 3251 N.
511 3175 611 3276 Jesus
629 3175 789 3252 Christus
808 3176 877 3264 est,
915 3201 988 3251 non
1014 3179 1168 3275 ambigi·

229 3287 338 3365 „tur,
365 3276 449 3371 quin
470 3275 523 3351 illi
537 3277 574 3351 in
590 3277 821 3374 opprobrium
839 3277 1081 3366 deducantur,
1108 3278 1167 3374 qui

231 3377 516 3467 ‚,coaculcantes
543 3376 741 3452 Dominum
761 3382 799 3452 in
822 3376 976 3474 passione
1003 3377 1071 3452 isla
1096 3402 1179 3479 non¹

126 3478 129 3483 ’
231 3524 258 3565 ,,
281 3475 445 3558 credunt,
466 3475 598 3571 quibus
617 3477 743 3571 utique
762 3477 992 3574 opprobrium
1010 3478 1074 3563 est,
1088 3479 1164 3552 uni·

92 3640 96 3647 .
231 3576 371 3668 „geniti
384 3575 450 3648 Dei
465 3575 711 3651 adventurn&
729 3591 960 3673 peccatorum
976 3578 1166 3672 indulgen·

136 3768 161 3780 Ι,
232 3677 350 3765 „tiam
369 3675 562 3775 perdidisse.
609 3675 659 3753 Et
672 3676 757 3776 quia
770 3678 856 3753 huic
870 3675 1084 3753 Santtorum
1099 3676 1166 3774 spei

108 3794 112 3803 ·
695 3834 699 3840 .
959 3841 965 3846 .
1039 3799 1165 3884 ·„per·
