2414 4350
74 167 84 177 ’
355 130 559 273 Caecius
595 157 680 259 IV.
908 164 987 285 131

10 408 19 465 'r
52 350 261 454 ,accepisti
311 346 367 429 Tu
391 362 480 449 ergo
500 351 620 442 disce,
637 374 769 443 ‚unum
796 350 863 432 eiie
892 350 1156 452 heremite·
1188 384 1201 399 =

10 472 15 539 ζ.
49 454 120 549 „S.
138 454 338 552 spiritum,
364 446 569 540 indivisum,
593 446 902 553 multipotentem‚
928 444 1111 555 quisaoffv·

10 556 20 585 ⁸
53 576 165 647 „cum
191 550 308 629 multa
327 549 480 641 efficiat,
502 552 574 649 ipse
593 564 717 628 tamen
738 579 811 630 non
828 555 989 653 disperti-

56 666 163 747 „tur‚
186 652 250 752 qui
267 647 435 747 mysteria
458 652 580 739 novit,
608 651 792 728 &omnia
809 655 989 735 scrutatur
1126 708 1132 723 =

10 824 16 829 .
55 804 82 846 ‚,
120 752 196 828 'am
224 748 404 850 profunda
429 750 508 827 Dei.
566 751 636 839 Qui
664 750 767 851 super
791 754 989 831 Dominum

55 764 204 953 „iiiam
225 847 405 927 Christum
430 845 468 925 in
496 847 676 926 columbae
704 850 819 949 ipecie
846 854 990 931 descen·

56 951 158 1044 „oit,
194 950 258 1049 qui
286 951 324 1027 in
350 947 431 1046 lege
451 946 489 1025 &
513 948 704 1047 Prophetis
727 966 895 1049 operatus
916 955 989 1042 est,

11 1054 17 1073 ²
55 1051 148 1150 „qui
173 1055 269 1127 irun‘c
293 1071 438 1147 quoque
455 1047 627 1146 baptismi
643 1061 806 1146 tempore
830 1055 991 1131 animam

56 1164 189 1251 „mam
213 1147 395 1245 obfignat,
430 1148 534 1246 cujus
555 1148 666 1224 etiam
680 1144 872 1243 'sanititate
887 1172 997 1250 ,opus¹
1088 1150 1108 1171 ·’

11 1262 15 1295 ³
55 1246 199 1345 „habet
215 1248 333 1324 omnis
353 1245 592 1343 intelligibilis
615 1260 758 1325 natura.
817 1248 864 1325 Io·
880 1250 991 1347 quem
1115 1253 1128 1281 ⁸
1177 1285 1184 1293 ·

10 1338 15 1437 J
58 1348 194 1447 „fiquis
220 1346 477 1444 blasphemam
516 1364 645 1423 vocem
681 1349 847 1424 emittere
883 1348 1005 1427 auius*
1135 1382 1142 1401 =
1194 1374 1202 1391 ·

10 1452 13 1457 '
61 1448 213 1543 „fuerit,
245 1469 312 1523 nec
327 1445 448 1521 inhoc
467 1443 619 1538 saeculo,
643 1449 769 1525 necin
793 1449 917 1524 futuro
935 1471 993 1525 re·
1014 1486 1031 1533 ,·

61 1544 287 1642 „miffionem
311 1545 500 1621 habiturus
523 1542 592 1634 estr,
624 1548 687 1642 qui
711 1570 794 1622 cum
823 1547 932 1624 Patre
954 1547 993 1625 δι

61 1646 183 1743 „Filio
200 1642 409 1721 Divinitatis
423 1642 540 1739 gioria
556 1645 828 1724 condecoratur.
887 1648 995 1726 Unus
1071 1708 1078 1729 i

10 1802 13 1835 i
61 1746 152 1841 „eit'
177 1745 275 1821 enim
316 1740 442 1831 Deus,
492 1742 622 1820 Christi
658 1743 793 1833 Pater,
825 1744 863 1823 &
898 1764 996 1825 unus

10 1852 12 1871 '
62 1844 273 1942 „Dominus
297 1840 395 1944 Jeius
418 1838 602 1932 Christus,
634 1844 743 1920 unius
774 1844 845 1920 Dei
866 1849 998 1924 unicus

10 2026 12 2041 ¹
62 1942 228 2039 ‚‚Fiiius‚
252 1942 290 2018 ὅτ
311 1960 405 2018 unus
427 1942 584 2039 Spiritus
597 1940 761 2030 Isontius,
789 1941 851 2040 qui
875 1948 998 2023 omnia

10 2064 12 2111 ε
61 2034 336 2138 „srnttificatiir
353 2037 521 2129 deificat,
547 2039 610 2140 qui
632 2044 669 2117 in
686 2041 768 2147 lege
784 2042 822 2120 rie
838 2038 999 2142 Prophe⁴

10 2144 12 2149 ’
61 2144 141 2239 „tis
158 2145 196 2219 in
213 2141 327 2217 veteri
348 2143 498 2217 &novo
516 2138 744 2233 Testamento
766 2142 815 2219 est
840 2142 998 2223 locutus,

10 2274 12 2281 ·
64 2246 186 2336 „Quae
210 2241 333 2317 om'nia
355 2240 518 2317 adhibita
548 2266 594 2315 ex
623 2242 819 2339 scripturis
849 2244 1000 2319 demon·

64 2344 260 2435 „stratione
283 2362 347 2438 pro
369 2342 505 2416 viribus
529 2362 551 2414 a
577 2341 681 2416 nobis
707 2342 849 2456 plenius
877 2344 1000 2418 ediffe·

63 2452 245 2533 ,‚re'11tor:
270 2452 414 2538 oportet
439 2442 536 2515 enim
563 2443 658 2516 circa
685 2440 806 2516 drvina
828 2441 866 2519 &
882 2442 1000 2527 sanita
1201 2494 1204 2499 -

62 2538 178 2635 „fidei
201 2539 369 2638 mysteria
400 2563 446 2614 ne
474 2534 665 2615 minimum
690 2542 835 2636 quidem
862 2543 999 2640 absque
1022 2544 1175 2616 Traditio·

63 2640 227 2737 „divinis
270 2638 464 2735 Scripturis
497 2638 613 2727 tradi,
654 2663 722 2714 nec
748 2653 884 2715 temere
917 2664 997 2740 pro·
1012 2635 1174 2734 noanon·

67 2738 343 2835 „habilioribus
360 2738 628 2833 argmentisque
645 2734 683 2814 in
701 2739 890 2816 verborum
912 2739 998 2816 arri·
1013 2730 1102 2788 '²³⁰⁸‘

63 2838 180 2937 „ficio
197 2826 617 2933 confistentibusabducj.
668 2832 725 2912 Ne
743 2837 833 2913 mihi
854 2840 1001 2935 quidem
1195 2854 1200 2859 '

66 2936 159 3033 gria
182 2934 379 3035 proferenti
401 2936 496 3012 ultro
522 2935 677 3023 credas,
710 2935 773 3011 nisi
802 2938 848 3014 de
869 2939 1001 3014 divinis

67 3036 294 3135 „scripturis
308 3052 447 3121 eorum,
463 3050 545 3131 quae
561 3037 628 3112 tibi
647 3038 835 3122 annuntio,
852 3037 1004 3117 demon·

68 3135 305 3231 „strationem
335 3138 541 3231 acceperisz
576 3130 656 3208 haee
680 3139 778 3211 enirn
801 3136 912 3226 fides',
941 3139 1001 3213 cui

67 3236 253 3334 „nostram
267 3232 419 3309 salutem
439 3228 613 3307 debemus
630 3256 704 3309 non
720 3256 768 3308 ex
788 3238 1001 3312 commenti·

69 3337 150 3431 „tia
170 3331 407 3431 disputatione
428 3384 439 3419 ,
457 3330 515 3407 sed
530 3331 788 3410 exdivinarum
800 3336 1001 3436 Scriptura·
1031 3362 1041 3369 ·

70 3459 182 3531 „rum
206 3430 506 3511 demonstratione
518 3431 594 3508 vim
610 3431 732 3510 habet.
