2414 4350
64 268 67 273 -
185 176 201 183 ”
274 164 808 333 peranteriorum
897 248 1002 343 1311
1069 182 1072 189 ’

16 384 211 505 ,Μὴ
228 400 550 498 quam-solitarium
569 400 688 487 neum
707 392 914 500 interrtgrs,
929 364 1005 509 uc,
1068 382 1070 387 ’

57 501 207 595 „clefiae
233 502 445 598 religionem
469 500 716 604 profiteberis,
746 525 831 601 quae
855 504 1003 582 Patrem

62 602 129 697 „in
147 601 471 681 Filioconfiteturz
497 599 549 675 lin
571 623 789 678 verounum
809 602 929 679 Deum
952 604 1002 680 ad

61 699 241 805 „solitarii
272 699 568 796 significationem
593 698 820 805 §aeramenti
849 701 1003 780 coelellia

57 799 239 894 „ignarus
274 802 441 876 obtendis
459 852 485 886 ,.
515 816 621 876 extra
653 802 897 896 cognitionem
931 802 1002 879 Del

42 901 203 992 uetiam
219 898 340 984 Deum
359 901 401 987 in
419 899 501 987 Deo
522 899 680 995 ellenon
698 899 893 984 confiteris.
933 915 937 926 ’
1061 996 1064 1001 ¹

389 1097 573 1183 LtssER
609 1097 672 1183 VI·

308 1219 388 1319 De
427 1219 792 1345 Tainaron...

66 1429 101 1485 1.-
124 1403 178 1533 1⁰
199 1403 271 1479 hoc
287 1405 380 1488 libro
419 1405 534 1506 Jeium
566 1407 748 1487 Citrillnm
771 1405 839 1479 elle
865 1403 999 1480 Filium
1017 1423 1126 1512 christu

60 1598 64 1605 1
178 1503 245 1579 Dei
263 1504 300 1581 S.
321 1506 484 1584 Hilarius
495 1509 622 1595 probat
641 1532 687 1602 ex
715 1504 917 1583 testimonio
947 1507 998 1601 ip·
1014 1513 1126 1576 rium.

60 1600 136 1677 ssus
158 1603 305 1692 Patria,
343 1606 587 1687 declaratione
614 1598 721 1702 ipsius
744 1603 823 1702 jesu
849 1605 998 1693 Christi,
1013 1597 1126 1679 mm

48 1699 320 1807 *Apostolorum
342 1706 621 1801 praedicatione,
656 1703 870 1782 consertione
895 1702 998 1778 Fide·
1015 1681 1099 1772 lma

16 1832 32 1895 2,
59 1799 174 1887 lium,
201 1805 423 1891 daemonum,
447 1803 915 1903 judeorurn&gentilium.
953 1803 1002 1876 Et

16 1908 32 1957 ·''
61 1900 208 1996 quidem
221 1902 335 1983 Primo
353 1906 424 1982 hoc
441 1906 569 2001 prpltat
586 1927 633 1977 ex
650 1902 852 1979 testimonio
870 1902 1004 1986 Patris,

16 2004 19 2011 '
63 2000 152 2094 „qui
168 2000 295 2076 Matri.
316 2030 350 2098 3.
380 2005 425 2075 de
453 2005 640 2097 unigenito
667 2000 732 2079 suo·
752 2000 932 2096 loquitur,
957 2024 1003 2077 ne

16 2106 35 2189 ‚t
63 2100 153 2190 „sub
163 2099 433 2187 consummandi
454 2101 632 2195 Baptismi
648 2098 884 2176 Sacramento
897 2099 1002 2174 Chri·

16 2206 20 2219 '
63 2199 163 2288 „stus
184 2201 393 2295 ignorabilir,
411 2201 512 2295 potiit.
528 2202 595 2274 elie
621 2221 851 2297 percorpus:
877 2200 1004 2298 Hicesl

16 2356 23 2389 ·.
64 2296 199 2389 „Filia
217 2327 302 2373 meus
322 2301 465 2380 oilerius,
492 2302 526 2373 in
544 2326 605 2394 quo
623 2298 697 2376 deur
717 2300 906 2397 complacui.
934 2299 1003 2374 Pa·

16 2394 21 2403 ’
63 2410 147 2488 „ter
163 2399 208 2472 de
227 2400 319 2473 coelo
339 2401 520 2494 loquitur,
547 2399 651 2479 &ita
665 2400 842 2496 loquitur:
869 2399 940 2472 Hic
953 2397 1003 2473 est

16 2576 19 2583 ,
63 2495 207 2587 „Filius
221 2522 337 2574 meus.
384 2498 623 2597 proprietatis
641 2515 765 2574 autem
791 2497 1002 2591 significatio
1115 2588 1122 2595 ι

16 2636 21 2681 ,ι
64 2596 163 2688 „est,
187 2599 249 2672 ubi
274 2597 311 2673 dt
329 2600 380 2672 lic
398 2603 467 2698 est,
508 2597 642 2672 ditium
669 2599 735 2671 elle
764 2599 932 2684 auditur,
964 2596 1004 2672 dt

16 2684 25 2785 3‘.
64 2720 178 2786 „meur
192 2700 244 2794 esi.
297 2697 353 2773 Ne
370 2701 481 2792 igitur
500 2720 562 2792 per
580 2697 875 2771 communionem
889 2699 1005 2792 adop·

16 2796 19 2905 j
64 2797 178 2888 „tivae
196 2796 420 2872 haereditatis
438 2812 719 2892 cognomentum
740 2796 819 2870 Filii
840 2796 1005 2892 unigeni·

16 2908 20 3015 l
64 2909 128 2986 „to
147 2894 228 2969 Deo
247 2897 460 2980 adderetur,
484 2912 625 2970 naturae
650 2896 784 2971 veritas
810 2916 873 2991 per
899 2896 1005 2990 signi·

53 2993 300 3091 ,ficationem
318 2997 551 3094 proprietatis
568 2993 702 3069 ostensa
731 2993 789 3070 est.
850 2993 900 3066 Et
925 2999 1005 3072 haec

64 3094 240 3191 „quidem
259 3109 420 3191 paternae
437 3099 539 3170 vocis
555 3094 766 3189 significatio
791 3118 835 3168 ea
849 3093 931 3179 fuit,
960 3117 1007 3167 ne

65 3193 154 3291 „qni
185 3195 232 3268 ad
262 3196 485 3291 implendam
515 3198 661 3270 omnem
686 3193 859 3291 justitiam
889 3194 1007 3289 bapti·

66 3295 233 3386 „zandus
259 3295 367 3379 esset,
408 3293 496 3389 quid
528 3295 612 3367 eilet
641 3298 899 3389 ignoraretur,
934 3315 1007 3389 qno
1047 3320 1056 3333 ‘

64 3407 135 3486 „ut
155 3395 219 3489 qui
238 3395 284 3467 ad
303 3396 581 3469 Sacramentum
604 3391 728 3467 salutis
746 3393 873 3467 nostrae
896 3392 1007 3467 homo

58 3495 330 3587 ⁴„nutriebatum
356 3493 424 3567 Dei
449 3516 539 3566 voce
561 3493 767 3568 nosceretur
785 3494 853 3568 Dei
881 3492 1007 3582 Filius,
1117 3503 1122 3510 '

62 3594 141 3685 „Et
162 3592 247 3689 quia
264 3594 302 3667 in
320 3593 407 3668 fidei
423 3591 531 3687 hujus
550 3592 762 3667 confeffione
781 3593 1008 3669 credentium

61 3693 170 3788 „vita
194 3692 298 3787 eiset,
324 3717 398 3770 non
419 3693 516 3769 enim
534 3694 607 3766 alia
628 3694 845 3772 aeternitatis
863 3695 922 3769 via
939 3691 1007 3774 eil.
1065 3743 1068 3746 ·
1114 3726 1121 3745 ·

535 3791 569 3865 U
597 3816 621 3888 4
866 3788 869 3793 ’
919 3790 1009 3887 „nist
1111 3816 1126 3925 p

1013 3959 1016 3967 ·
1097 3934 1126 4016 r
