2414 4350
297 124 377 223 >De
395 122 593 241 uena,
609 112 732 223 later
750 126 799 221 J.
936 155 1025 251 279
1079 238 1086 262 Ι

30 280 55 421 ξ’
73 296 218 411 „Unde
233 289 326 392 bene
349 337 458 413 agere
486 314 525 393 dt
549 314 775 414 intelligere,
805 274 846 397 id
872 315 1023 405 demunt
1053 338 1055 345 ·

30 430 50 455 ³
74 412 202 505 „bene
221 414 345 505 viuere
368 415 638 515 opinabantur:
673 416 789 494 vitam
819 424 946 494 autem
965 420 1022 516 ip·

75 512 185 604 „sam
219 537 293 590 non
324 515 371 591 ad
402 529 558 591 mortem
587 526 730 593 tantum
750 516 796 592 ab
821 514 1021 595 immortali

73 612 189 703 „Deo
209 613 320 690 tribui
345 613 639 705 existimandam,
664 637 749 690 cum
767 615 853 690 boni
870 616 1021 712 largito·
1045 660 1057 676 ι

71 712 160 805 „ris
180 736 254 787 non
279 713 345 795 elle
369 712 651 808 intelligeretur,
677 715 823 790 vivendi
836 714 1020 812 jucundis·
1160 736 1163 745 ’

30 874 32 887 .
72 810 237 901 „limum
255 811 393 893 sensum
405 813 452 888 ad
473 811 702 899 tristiffimum
722 814 1021 890 metumtribuis·

68 909 144 1009 „se
172 911 361 999 moriendi.
428 912 476 1000 Et
512 934 719 1011 quanquam
755 937 829 1011 nnn
857 914 1020 1012 ineptam

59 1008 203 1108 '„ha'nc
232 1032 359 1097 eurum
384 1010 598 1091 sententiam
624 1011 895 1100 existimarem,
930 1036 1018 1088 con·

50 1107 292 1211 „scientiam
326 1110 372 1192 ab
396 1112 496 1201 amni
521 1111 629 1209 culpa
653 1111 806 1195 liberam
831 1111 1020 1187 conserva·
1091 1170 1097 1191 ,

59 1230 146 1302 „re
163 1208 241 1298 i&
273 1231 400 1295 omnes
428 1211 516 1286 vitae
553 1211 724 1287 humanae
752 1209 933 1286 molestias
958 1210 1020 1288 vel
1056 1212 1061 1231 ⁴

78 1308 296 1405 „providere
314 1310 522 1406 prudenter,
541 1309 601 1384 vel
622 1310 737 1385 vitare
756 1310 928 1393 consulte,
957 1309 1018 1387 vel

68 1405 199 1507 ,serre
216 1409 414 1505 patienter,
439 1420 563 1493 tamen
580 1409 619 1498 hi
643 1408 706 1505 ipsi
731 1409 906 1484 nonsatis
930 1396 1022 1487 miii

58 1508 230 1605 '„idonei
254 1507 301 1612 ad
315 1507 406 1590 bene
425 1507 602 1605 beateque
625 1509 820 1592 vivendum
842 1510 1017 1633 authpres
1070 1556 1074 1562 -

75 1606 341 1699 „videbantun
367 1608 573 1684 communia
593 1621 735 1684 tantum
749 1606 1017 1682 &conveniem
1107 1605 1109 1623 '

59 1705 158 1803 '·„tia
176 1706 336 1796 humano,
353 1704 465 1798 sensui
481 1705 722 1794 dottrinarum
745 1723 934 1817 praecepta
947 1706 1016 1805 iia.

59 1808 266 1911 'aalllsssslffi
373 1846 376 1857 ’

151 2030 187 2108 3,
215 2001 445 2090 ,AElestinabat
470 2022 559 2098 ergo
591 2000 736 2091 animus
768 2002 887 2090 beatae
926 2000 1014 2098 vitae
1029 2005 1093 2074 Sed
1113 2008 1164 2108 „tgr

75 2104 266 2193 „muneris
291 2102 408 2189 Deum
423 2113 610 2200 parentem
626 2096 860 2197 co'gnbscere,
894 2102 953 2174 cui
980 2101 1013 2173 le
1030 2103 1196 2192 wem?

66 2202 225 2293 'alatum
235 2202 394 2287 deberet,
417 2204 466 2292 ad
481 2223 591 2298 quem
599 2224 746 2277 omnem
763 2201 834 2298 spei
850 2199 922 2273 suae
936 2202 1005 2295 opi
1029 2200 1094 2245 vm
1110 2178 1186 2268 Dii·

64 2302 251 2391 ,alonem
282 2302 459 2390 referret,
492 2299 585 2383 &in
608 2300 712 2398 quua
736 2301 898 2387 bonitate
920 2301 1015 2374 inter

76 2413 228 2493 „tantas
249 2400 478 2508 praesentium
506 2400 736 2495 negotiorum
767 2399 1014 2486 calamitates,

75 2515 292 2596 „tamquam
319 2498 493 2588 tutiffitnn
517 2510 626 2596 portu
646 2500 894 2597 requiesceret,
954 2496 1015 2572 Ad

76 2601 204 2692 „hunc
223 2600 336 2696 igitur
357 2597 643 2695 cognoscendum
659 2595 774 2684 studio
794 2595 1014 2692 flagrantiilr·

76 2723 168 2793 „mo
193 2697 457 2782 accendebatur
466 2723 479 2771 ε-
501 2720 585 2772 cum
603 2718 690 2783 veto
706 2695 830 2792 plures
845 2718 1015 2773 nurnero-

77 2798 162 2889 „sas
185 2798 407 2882 incertorum
435 2798 598 2884 Deorum
622 2795 779 2882 familias
807 2796 1015 2872 introduce·

52 2982 55 2989 ,
74 2910 207 2989 ,‚rent,
234 2895 271 2973 dt
292 2897 434 2978 virilem
451 2921 497 2983 ac
510 2893 725 2985 muliebrem
745 2896 868 2970 sexum
889 2896 927 2969 in
951 2893 1015 2967 Di·
1119 2902 1124 2913 '

74 2997 200 3089 „vinis
218 2997 358 3077 naturis¹
377 3019 484 3093 agere
499 2993 747 3073 existimantes¹
763 3009 865 3072 ortus
882 2992 919 3068 dr
938 2990 1013 3075 suc·

74 3093 277 3187 ,aellrones
301 3097 452 3182 deorum
469 3120 516 3170 ex
541 3093 611 3178 diis
635 3094 844 3170 allererent:
869 3092 931 3167 alii
945 3092 1014 3166 mi·

73 3217 215 3286 „nores
235 3218 279 3270 ac
299 3196 456 3295 majores
480 3189 736 3275 &differentes
756 3218 820 3292 pro
840 3190 1014 3291 potestate

72 3296 195 3388 „deos
217 3295 478 3393 praedicarent,
509 3293 675 3372 nonnulli
699 3297 838 3376 nullum
864 3293 1014 3367 omnino

60 3394 226 3487 '„Deum
244 3393 311 3477 elle
331 3394 566 3475 affirmantes.
584 3415 664 3470 eam
682 3407 825 3471 tantum
843 3391 1014 3490 quae'for·

73 3494 210 3588 „tultis
234 3496 395 3571 mutibus
413 3496 450 3571 in
473 3490 609 3588 aliquid
631 3496 816 3579 existeret,
849 3507 1016 3568 naturam

59 3594 385 3695 ,neaerarentum
415 3594 577 3770 pleriqnse
601 3613 687 3669 vero
720 3595 839 3672 Deum
869 3593 1016 3768 quidelrsn

596 3715 622 3790 4
923 3717 969 3783 tte
996 3717 1017 3776 ἓ
1111 3722 1117 3739 “
1143 3720 1148 3791 3

897 3882 1148 4049 ’,ΙΙ
