2414 4350
94 203 97 209 Ι
185 211 502 361 Commentarius
515 248 558 336 io
571 198 859 365 Martiarum,
885 238 994 366 457.
1021 235 1026 246 “

29 437 204 527 „·tineut‚
229 457 348 533 neque
370 434 432 539 qui
454 433 609 510 dixerit:
642 433 819 523 Domine,
843 433 972 512 Domi·
1002 479 1005 484 ·

28 559 132 625 ‚,ne,
155 526 386 611 hieresillius
409 532 496 611 erlt:
521 533 609 630 quid
633 536 731 609 enim
760 532 881 610 meriti
897 534 971 627 ost,

25 633 231 727 „Domino
252 636 400 719 dicere,
429 630 616 709 Domine?
647 634 822 730 numquid
843 633 971 712 Domi·

32 756 135 827 „nus
155 758 230 809 non
248 734 338 821 erit,
368 730 433 807 nifi
455 732 564 807 fuerit
590 731 705 807 ditius
722 756 744 808 a
764 731 898 809 nobis?
913 803 917 810 .
930 733 973 812 δι

33 853 147 932 „quae
168 831 276 907 officii
296 832 460 913 [anilitas
475 830 524 906 est
548 833 707 906 nominis
727 834 971 929 nuncupatio,

27 955 149 1023 ,mum
171 931 323 1007 coelestis
339 932 442 1027 regni
457 933 526 1007 iter
542 931 749 1006 obedientia
760 933 882 1028 potius
904 955 969 1006 vo·

33 1031 231 1125 ,luntatis
255 1052 365 1127 quam
379 1030 446 1106 Dei
463 1018 685 1127 nuncupatio
701 1044 884 1127 repertura
901 1028 971 1105 fit?
1064 1120 1068 1137 Ι

35 1131 162 1222 „muti
175 1131 255 1205 milri
271 1132 377 1204 dicent
399 1131 434 1204 io
451 1129 513 1204 illu
537 1131 612 1203 dir:
648 1127 788 1205 Domine
803 1128 970 1227 Domine,

36 1231 218 1321 ‚menotio
233 1231 426 1305 nominetuo
482 1229 724 1327 ophetovimos,
754 1227 793 1304 δι
819 1229 969 1323 reliqua.

35 1329 188 1420 „Etiam
221 1352 317 1403 nunc
339 1327 423 1426 pseu
451 1329 730 1424 oprophetarum
762 1326 992 1415 fraudulen·'

37 1430 170 1520 „tiam
195 1426 515 1526 &hypocritarum
533 1425 783 1505 limulomentn
801 1429 975 1503 condem·

37 1543 154 1619 „nat,
178 1528 242 1624 qui
258 1526 413 1623 gloriam
427 1525 490 1603 libi
506 1550 553 1601 ex
570 1528 672 1603 verbi
683 1528 825 1603 'virtute
843 1525 975 1626 praelu·

38 1639 175 1716 ,munt
196 1627 235 1702 in
267 1625 439 1701 dostrinae
465 1625 676 1723 prophetia,
710 1628 976 1703 doemoniorum
1116 1698 1119 1703 .

38 1722 211 1821 „firga-&
227 1725 426 1802 illiusmodi
452 1747 603 1822 operum
627 1725 842 1813 virtutibus,
865 1737 977 1822 atque

41 1824 155 1914 „hino
166 1823 229 1899 fibi
247 1827 423 1901 coelorum
443 1845 597 1922 regnum
619 1823 863 1921 pollicentur,
888 1846 978 1921 quo·

39 1923 94 2014 „fi
110 1945 199 1999 vero
212 1948 338 1999 eorum
357 1924 500 2038 aliquid
520 1921 763 2022 proprium'fit
779 1944 897 2039 ,oure
922 1923 977 1997 lo-

37 2019 845 2216 :terruitilliniuntur}
1119 2154 1123 2173 ,

37 2222 160 2314 „tiam
178 2220 283 2297 leflio
309 2217 458 2308 afferat,
487 2220 670 2296 daemonia
694 2219 822 2297 Christi
846 2244 979 2296 nomen
1028 2244 1032 2256 ⁴

37 2322 242 2417 „exagitet
275 2321 329 2394 De
338 2319 455 2395 nostro
472 2321 583 2415 igitur
600 2319 649 2395 est
665 2321 773 2397 beato
792 2320 855 2396 illa
872 2333 979 2397 aeter·

36 2421 166 2513 „nitas
181 2419 430 2519 promerenda,
448 2418 759 2517 praestandumque
776 2419 824 2493 est
842 2418 981 2516 aliquid

39 2544 117 2612 „ex
133 2520 297 2618 proprio,
322 2529 364 2593 ut
381 2519 517 2594 bonum
534 2519 710 2601 velimus,
745 2520 882 2594 molum
900 2542 979 2593 om·

38 2640 117 2713 ,me
133 2619 312 2703 vitemus,
338 2631 490 2713 totoque
503 2612 632 2693 allei'tu
656 2620 849 2713 praeceptis
872 2619 1004 2701 coele·,
1118 2676 1146 2689 ..

38 2716 181 2819 „ilibus
198 2719 512 2812 obtemperemus,
538 2739 582 2790 ac
607 2715 742 2790 talibus
769 2715 896 2792 officiis
919 2741 1001 2799 co·‚
1028 2784 1031 2789 .
1071 2798 1084 2812 η
1203 2804 1206 2811 ,

9 2848 14 2865 ·
39 2817 163 2914 „gniti
175 2817 254 2891 Deo
262 2814 384 2901 sunus,
400 2835 624 2911 agamusque
639 2815 762 2911 potius
773 2815 869 2915 quod
885 2816 978 2904 vult,

40 2937 182 3012 „quom
198 2916 297 3011 quod
315 2914 441 3012 potest,
468 2913 678 3010 gloriemur,
705 2915 899 3010 repudians
915 2937 983 3015 eos

43 3039 117 3108 „ao
128 3014 320 3113 repellens,
338 3036 430 3109 quos
445 3036 467 3089 a
482 3014 689 3108 cognitione
710 3011 773 3090 sua
789 3036 898 3116 opero
909 3013 983 3123 ini·
1119 3027 1121 3031 '

43 3115 224 3215 „quitatis
247 3114 455 3190 averterint.

121 3334 156 3407 5.
183 3310 330 3398 „Omnis
346 3336 446 3408 ergo,
474 3311 532 3405 qui
544 3307 640 3382 ondit
667 3307 767 3385 uerbo
785 3333 856 3385 meo
874 3308 981 3405 &fir-
1035 3343 1062 3386 o.
1081 3345 1130 3404 24·

42 3411 131 3504 „cih
150 3410 291 3508 stmilem
307 3437 377 3483 rum
393 3406 553 3509 oestimobo
565 3411 639 3483 viro
649 3407 806 3507 sapienti,
831 3410 887 3504 qui
901 3407 980 3484 mdi-
997 3405 1147 3472 Dedomo

44 3511 154 3610 „ficet
174 3509 303 3584 domum
315 3507 413 3607 suam
430 3505 531 3606 super
549 3519 678 3604 petram
702 3507 770 3584 &o
823 3512 864 3587 ln
884 3489 1089 3606 petrarium
1114 3512 1166 3576 W·

43 3609 422 3705 „seipsumDominus
438 3605 633 3703 lignilicat,
670 3606 834 3683 validum
854 3600 986 3682 excelli
999 3584 1091 3641 mm·

45 3708 222 3803 „aedilicii
243 3707 665 3884 hmdamentumfifeum
680 3719 826 3802 eutem,
855 3705 918 3807 qui
939 3729 987 3879 esx

593 3829 616 3905 5
924 3828 987 3898 „e
