<?xml version="1.0" encoding="UTF-8"?>
<!DOCTYPE html PUBLIC "-//W3C//DTD XHTML 1.0 Transitional//EN"
    "http://www.w3.org/TR/xhtml1/DTD/xhtml1-transitional.dtd">
<html xmlns="http://www.w3.org/1999/xhtml" xml:lang="en" lang="en">
 <head>
  <title>
</title>
<meta http-equiv="Content-Type" content="text/html;charset=utf-8" />
  <meta name='ocr-system' content='tesseract 3.04.00' />
  <meta name='ocr-capabilities' content='ocr_page ocr_carea ocr_par ocr_line ocrx_word'/>
</head>
<body>
  <div class='ocr_page' id='page_1' title='image "./analysisoperums05schrgoog/analysisoperums05schrgoog_0150.png"; bbox 0 0 2414 4350; ppageno 0'>
   <div class='ocr_carea' id='block_1_1' title="bbox 205 220 894 399">
    <p class='ocr_par' dir='ltr' id='par_1_1' title="bbox 205 220 894 399">
     <span class='ocr_line' id='line_1_1' title="bbox 205 220 894 399; baseline 0.028 -41"><span class='ocrx_word' id='word_1_1' title='bbox 205 220 211 233; x_wconf 56' lang='grc'><strong><em>’</em></strong></span> <span class='ocrx_word' id='word_1_2' title='bbox 255 250 482 399; x_wconf 63' lang='lat' dir='ltr'>mreqnfis</span> <span class='ocrx_word' id='word_1_3' title='bbox 510 270 596 366; x_wconf 85' lang='lat' dir='ltr'>IV.</span> <span class='ocrx_word' id='word_1_4' title='bbox 638 382 641 387; x_wconf 46' lang='grc'><strong>,</strong></span> <span class='ocrx_word' id='word_1_5' title='bbox 706 330 709 335; x_wconf 95' lang='grc'>-</span> <span class='ocrx_word' id='word_1_6' title='bbox 812 300 894 395; x_wconf 76' lang='lat'>133</span> 
     </span>
    </p>
   </div>
   <div class='ocr_carea' id='block_1_2' title="bbox 40 458 1100 573">
    <p class='ocr_par' dir='ltr' id='par_1_2' title="bbox 40 458 1100 573">
     <span class='ocr_line' id='line_1_2' title="bbox 40 458 1100 573; baseline -0.016 -20"><span class='ocrx_word' id='word_1_7' title='bbox 40 458 95 553; x_wconf 73' lang='lat' dir='ltr'>ri.</span> <span class='ocrx_word' id='word_1_8' title='bbox 123 472 261 564; x_wconf 87' lang='lat' dir='ltr'>„Nunc</span> <span class='ocrx_word' id='word_1_9' title='bbox 280 472 318 550; x_wconf 89' lang='lat'>&amp;</span> <span class='ocrx_word' id='word_1_10' title='bbox 350 473 437 551; x_wconf 86' lang='lat' dir='ltr'>audi</span> <span class='ocrx_word' id='word_1_11' title='bbox 460 473 513 573; x_wconf 86' lang='lat' dir='ltr'>de</span> <span class='ocrx_word' id='word_1_12' title='bbox 530 492 680 570; x_wconf 88' lang='lat' dir='ltr'>corpore</span> <span class='ocrx_word' id='word_1_13' title='bbox 699 476 800 546; x_wconf 66' lang='lat' dir='ltr'>tun*⁴</span> <span class='ocrx_word' id='word_1_14' title='bbox 831 470 890 547; x_wconf 85' lang='lat' dir='ltr'>Ne</span> <span class='ocrx_word' id='word_1_15' title='bbox 904 477 1053 563; x_wconf 69' lang='lat' dir='ltr'>Dogm-</span> <span class='ocrx_word' id='word_1_16' title='bbox 1097 566 1100 571; x_wconf 21' lang='grc' dir='ltr'>Ι</span> 
     </span>
    </p>
   </div>
   <div class='ocr_carea' id='block_1_3' title="bbox 40 556 1036 869">
    <p class='ocr_par' dir='ltr' id='par_1_3' title="bbox 40 556 1036 869">
     <span class='ocr_line' id='line_1_3' title="bbox 40 556 1028 670; baseline -0.025 -6"><span class='ocrx_word' id='word_1_17' title='bbox 40 572 329 670; x_wconf 67' lang='lat' dir='ltr'>mquamseras</span> <span class='ocrx_word' id='word_1_18' title='bbox 349 594 507 663; x_wconf 83' lang='lat' dir='ltr'>eorum,</span> <span class='ocrx_word' id='word_1_19' title='bbox 521 572 583 670; x_wconf 93' lang='lat' dir='ltr'>qui</span> <span class='ocrx_word' id='word_1_20' title='bbox 599 571 758 647; x_wconf 88' lang='lat' dir='ltr'>alienum</span> <span class='ocrx_word' id='word_1_21' title='bbox 772 594 795 646; x_wconf 86' lang='lat' dir='ltr'>a</span> <span class='ocrx_word' id='word_1_22' title='bbox 808 556 961 646; x_wconf 82' lang='lat' dir='ltr'>Deo&#39;lX·</span> <span class='ocrx_word' id='word_1_23' title='bbox 989 562 1028 628; x_wconf 74' lang='lat' dir='ltr'>de</span> 
     </span>
     <span class='ocr_line' id='line_1_4' title="bbox 40 667 1036 775; baseline -0.016 -22"><span class='ocrx_word' id='word_1_24' title='bbox 40 695 118 775; x_wconf 78' lang='lat' dir='ltr'>pus</span> <span class='ocrx_word' id='word_1_25' title='bbox 127 673 193 747; x_wconf 83' lang='lat' dir='ltr'>esse</span> <span class='ocrx_word' id='word_1_26' title='bbox 202 672 341 761; x_wconf 90' lang='lat' dir='ltr'>dicunt,</span> <span class='ocrx_word' id='word_1_27' title='bbox 365 696 481 769; x_wconf 86' lang='lat' dir='ltr'>eoque</span> <span class='ocrx_word' id='word_1_28' title='bbox 495 673 544 747; x_wconf 90' lang='lat' dir='ltr'>ad</span> <span class='ocrx_word' id='word_1_29' title='bbox 555 671 808 747; x_wconf 82' lang='lat' dir='ltr'>scortationem</span> <span class='ocrx_word' id='word_1_30' title='bbox 823 670 888 749; x_wconf 83' lang='lat' dir='ltr'>ab·</span> <span class='ocrx_word' id='word_1_31' title='bbox 902 667 1036 767; x_wconf 54' lang='lat' dir='ltr'>‘W‘</span> 
     </span>
     <span class='ocr_line' id='line_1_5' title="bbox 40 768 887 869; baseline -0.021 -19"><span class='ocrx_word' id='word_1_32' title='bbox 40 772 252 869; x_wconf 55' lang='lat' dir='ltr'>intua-quid</span> <span class='ocrx_word' id='word_1_33' title='bbox 262 772 419 850; x_wconf 71' lang='lat' dir='ltr'>enituisti</span> <span class='ocrx_word' id='word_1_34' title='bbox 429 768 887 853; x_wconf 76' lang='lat' dir='ltr'>addecentiam&amp;concin.</span> 
     </span>
    </p>
   </div>
   <div class='ocr_carea' id='block_1_4' title="bbox 39 869 1072 971">
    <p class='ocr_par' dir='ltr' id='par_1_4' title="bbox 39 869 1072 971">
     <span class='ocr_line' id='line_1_6' title="bbox 39 869 1072 971; baseline -0.003 -23"><span class='ocrx_word' id='word_1_35' title='bbox 39 883 140 948; x_wconf 84' lang='lat' dir='ltr'>atem</span> <span class='ocrx_word' id='word_1_36' title='bbox 157 869 282 947; x_wconf 75' lang='lat' dir='ltr'>deest?</span> <span class='ocrx_word' id='word_1_37' title='bbox 306 894 374 947; x_wconf 84' lang='lat' dir='ltr'>nec</span> <span class='ocrx_word' id='word_1_38' title='bbox 386 871 476 946; x_wconf 86' lang='lat' dir='ltr'>mihi</span> <span class='ocrx_word' id='word_1_39' title='bbox 492 871 640 956; x_wconf 81' lang='lat' dir='ltr'><strong>dixeris,</strong></span> <span class='ocrx_word' id='word_1_40' title='bbox 665 890 889 966; x_wconf 84' lang='lat' dir='ltr'>corpuspeo·</span> <span class='ocrx_word' id='word_1_41' title='bbox 1020 952 1025 971; x_wconf 29' lang='lat' dir='ltr'><strong><em>l</em></strong></span> <span class='ocrx_word' id='word_1_42' title='bbox 1046 938 1072 951; x_wconf 82' lang='grc'>,,</span> 
     </span>
    </p>
   </div>
   <div class='ocr_carea' id='block_1_5' title="bbox 40 967 1050 2454">
    <p class='ocr_par' dir='ltr' id='par_1_5' title="bbox 40 967 889 1065">
     <span class='ocr_line' id='line_1_7' title="bbox 40 967 889 1065; baseline -0.008 -18"><span class='ocrx_word' id='word_1_43' title='bbox 40 972 95 1047; x_wconf 79' lang='lat' dir='ltr'>ndi</span> <span class='ocrx_word' id='word_1_44' title='bbox 122 970 266 1046; x_wconf 88' lang='lat' dir='ltr'>causam</span> <span class='ocrx_word' id='word_1_45' title='bbox 282 968 369 1056; x_wconf 86' lang='lat' dir='ltr'>esse,</span> <span class='ocrx_word' id='word_1_46' title='bbox 391 967 565 1045; x_wconf 81' lang='lat' dir='ltr'>mortuus</span> <span class='ocrx_word' id='word_1_47' title='bbox 584 969 681 1044; x_wconf 88' lang='lat' dir='ltr'>enim</span> <span class='ocrx_word' id='word_1_48' title='bbox 704 992 779 1042; x_wconf 92' lang='lat' dir='ltr'>non</span> <span class='ocrx_word' id='word_1_49' title='bbox 803 988 889 1065; x_wconf 86' lang='lat' dir='ltr'>peo-</span> 
     </span>
    </p>

    <p class='ocr_par' dir='ltr' id='par_1_6' title="bbox 40 1060 888 1464">
     <span class='ocr_line' id='line_1_8' title="bbox 40 1060 888 1167; baseline 0 -24"><span class='ocrx_word' id='word_1_50' title='bbox 40 1094 69 1165; x_wconf 58' lang='grc' dir='ltr'>χ,</span> <span class='ocrx_word' id='word_1_51' title='bbox 102 1060 161 1167; x_wconf 79' lang='lat' dir='ltr'>sed</span> <span class='ocrx_word' id='word_1_52' title='bbox 181 1069 303 1146; x_wconf 87' lang='lat' dir='ltr'>anima</span> <span class='ocrx_word' id='word_1_53' title='bbox 326 1090 389 1167; x_wconf 90' lang='lat' dir='ltr'>per</span> <span class='ocrx_word' id='word_1_54' title='bbox 416 1090 558 1166; x_wconf 87' lang='lat' dir='ltr'>corpus.</span> <span class='ocrx_word' id='word_1_55' title='bbox 615 1067 762 1143; x_wconf 84' lang='lat' dir='ltr'>Animae</span> <span class='ocrx_word' id='word_1_56' title='bbox 786 1065 888 1143; x_wconf 84' lang='lat' dir='ltr'>velut</span> 
     </span>
     <span class='ocr_line' id='line_1_9' title="bbox 40 1165 886 1266; baseline -0.002 -23"><span class='ocrx_word' id='word_1_57' title='bbox 40 1182 236 1245; x_wconf 86' lang='lat' dir='ltr'>umentum</span> <span class='ocrx_word' id='word_1_58' title='bbox 256 1190 387 1266; x_wconf 89' lang='lat' dir='ltr'>corpus</span> <span class='ocrx_word' id='word_1_59' title='bbox 409 1167 478 1257; x_wconf 86' lang='lat' dir='ltr'>eil,</span> <span class='ocrx_word' id='word_1_60' title='bbox 508 1168 549 1244; x_wconf 80' lang='lat' dir='ltr'>sir</span> <span class='ocrx_word' id='word_1_61' title='bbox 575 1165 748 1264; x_wconf 86' lang='lat' dir='ltr'>siquidem</span> <span class='ocrx_word' id='word_1_62' title='bbox 764 1165 811 1241; x_wconf 85' lang='lat' dir='ltr'>ab</span> <span class='ocrx_word' id='word_1_63' title='bbox 841 1188 886 1241; x_wconf 84' lang='lat' dir='ltr'>ea</span> 
     </span>
     <span class='ocr_line' id='line_1_10' title="bbox 40 1262 885 1365; baseline -0.005 -22"><span class='ocrx_word' id='word_1_64' title='bbox 40 1266 315 1344; x_wconf 85' lang='lat' dir='ltr'>fornicationem</span> <span class='ocrx_word' id='word_1_65' title='bbox 329 1268 552 1365; x_wconf 79' lang='lat' dir='ltr'>applicetur,</span> <span class='ocrx_word' id='word_1_66' title='bbox 576 1265 805 1363; x_wconf 89' lang='lat' dir='ltr'>immundum</span> <span class='ocrx_word' id='word_1_67' title='bbox 820 1262 885 1355; x_wconf 89' lang='lat' dir='ltr'>fit,</span> 
     </span>
     <span class='ocr_line' id='line_1_11' title="bbox 40 1362 885 1464; baseline -0.002 -23"><span class='ocrx_word' id='word_1_68' title='bbox 40 1388 112 1457; x_wconf 40' lang='lat' dir='ltr'>r,ero</span> <span class='ocrx_word' id='word_1_69' title='bbox 130 1369 262 1442; x_wconf 83' lang='lat' dir='ltr'>animae</span> <span class='ocrx_word' id='word_1_70' title='bbox 284 1367 411 1443; x_wconf 74' lang='lat' dir='ltr'>sanstae</span> <span class='ocrx_word' id='word_1_71' title='bbox 435 1364 706 1464; x_wconf 84' lang='lat' dir='ltr'>conjungatur,</span> <span class='ocrx_word' id='word_1_72' title='bbox 720 1362 767 1440; x_wconf 80' lang='lat' dir='ltr'>&#39;fit</span> <span class='ocrx_word' id='word_1_73' title='bbox 791 1376 885 1440; x_wconf 87' lang='lat' dir='ltr'>tetu-</span> 
     </span>
    </p>

    <p class='ocr_par' dir='ltr' id='par_1_7' title="bbox 40 1463 886 1664">
     <span class='ocr_line' id='line_1_12' title="bbox 40 1463 885 1564; baseline -0.004 -23"><span class='ocrx_word' id='word_1_74' title='bbox 40 1488 85 1543; x_wconf 88' lang='lat' dir='ltr'>m</span> <span class='ocrx_word' id='word_1_75' title='bbox 104 1465 261 1564; x_wconf 87' lang='lat' dir='ltr'>Spiritus</span> <span class='ocrx_word' id='word_1_76' title='bbox 275 1464 392 1542; x_wconf 71' lang='lat' dir='ltr'>saneti.</span> <span class='ocrx_word' id='word_1_77' title='bbox 430 1467 543 1541; x_wconf 89' lang='lat' dir='ltr'>Parc&#39;e</span> <span class='ocrx_word' id='word_1_78' title='bbox 559 1486 645 1563; x_wconf 86' lang='lat' dir='ltr'>ergo</span> <span class='ocrx_word' id='word_1_79' title='bbox 661 1463 801 1561; x_wconf 84' lang='lat' dir='ltr'>corpori</span> <span class='ocrx_word' id='word_1_80' title='bbox 818 1474 885 1539; x_wconf 92' lang='lat' dir='ltr'>tuo</span> 
     </span>
     <span class='ocr_line' id='line_1_13' title="bbox 40 1565 886 1664; baseline -0.005 -23"><span class='ocrx_word' id='word_1_81' title='bbox 40 1587 168 1662; x_wconf 88' lang='lat' dir='ltr'>nquam</span> <span class='ocrx_word' id='word_1_82' title='bbox 185 1565 321 1662; x_wconf 92' lang='lat' dir='ltr'>templo</span> <span class='ocrx_word' id='word_1_83' title='bbox 336 1565 371 1640; x_wconf 87' lang='lat' dir='ltr'>S.</span> <span class='ocrx_word' id='word_1_84' title='bbox 395 1565 573 1664; x_wconf 80' lang='lat' dir='ltr'>Spiritus,</span> <span class='ocrx_word' id='word_1_85' title='bbox 606 1588 653 1639; x_wconf 90' lang='lat' dir='ltr'>ne</span> <span class='ocrx_word' id='word_1_86' title='bbox 677 1576 780 1639; x_wconf 94' lang='lat' dir='ltr'>tuam</span> <span class='ocrx_word' id='word_1_87' title='bbox 808 1582 886 1638; x_wconf 90' lang='lat' dir='ltr'>car·</span> 
     </span>
    </p>

    <p class='ocr_par' dir='ltr' id='par_1_8' title="bbox 40 1660 885 1761">
     <span class='ocr_line' id='line_1_14' title="bbox 40 1660 885 1761; baseline -0.001 -23"><span class='ocrx_word' id='word_1_88' title='bbox 40 1688 65 1739; x_wconf 96' lang='lat' dir='ltr'>n</span> <span class='ocrx_word' id='word_1_89' title='bbox 94 1663 225 1761; x_wconf 83' lang='lat' dir='ltr'>stupris</span> <span class='ocrx_word' id='word_1_90' title='bbox 251 1664 426 1761; x_wconf 83' lang='lat' dir='ltr'>polluas,</span> <span class='ocrx_word' id='word_1_91' title='bbox 467 1664 641 1739; x_wconf 87' lang='lat' dir='ltr'>fiantem</span> <span class='ocrx_word' id='word_1_92' title='bbox 675 1660 885 1759; x_wconf 90' lang='lat' dir='ltr'>inquinasti,</span> 
     </span>
    </p>

    <p class='ocr_par' dir='ltr' id='par_1_9' title="bbox 40 1760 1050 2454">
     <span class='ocr_line' id='line_1_15' title="bbox 40 1760 1050 1861; baseline 0.004 -22"><span class='ocrx_word' id='word_1_93' title='bbox 40 1787 77 1839; x_wconf 80' lang='lat' dir='ltr'>rc</span> <span class='ocrx_word' id='word_1_94' title='bbox 100 1763 212 1840; x_wconf 85' lang='lat' dir='ltr'>ablue</span> <span class='ocrx_word' id='word_1_95' title='bbox 232 1785 296 1861; x_wconf 88' lang='lat' dir='ltr'>per</span> <span class='ocrx_word' id='word_1_96' title='bbox 322 1763 584 1861; x_wconf 87' lang='lat' dir='ltr'>poenitentiam.</span> <span class='ocrx_word' id='word_1_97' title='bbox 635 1760 688 1837; x_wconf 83' lang='lat' dir='ltr'>At</span> <span class='ocrx_word' id='word_1_98' title='bbox 714 1785 799 1835; x_wconf 91' lang='lat' dir='ltr'>eum</span> <span class='ocrx_word' id='word_1_99' title='bbox 823 1761 885 1856; x_wconf 91' lang='lat' dir='ltr'>qui</span> <span class='ocrx_word' id='word_1_100' title='bbox 902 1772 1050 1861; x_wconf 72' lang='lat' dir='ltr'>eastitatis</span> 
     </span>
     <span class='ocr_line' id='line_1_16' title="bbox 41 1857 976 1958; baseline -0.005 -19"><span class='ocrx_word' id='word_1_101' title='bbox 41 1860 205 1939; x_wconf 81' lang='lat' dir='ltr'>castitate</span> <span class='ocrx_word' id='word_1_102' title='bbox 227 1862 276 1938; x_wconf 92' lang='lat' dir='ltr'>est</span> <span class='ocrx_word' id='word_1_103' title='bbox 301 1862 499 1937; x_wconf 87' lang='lat' dir='ltr'>sermonem</span> <span class='ocrx_word' id='word_1_104' title='bbox 516 1859 695 1958; x_wconf 87' lang='lat' dir='ltr'>praecipue</span> <span class='ocrx_word' id='word_1_105' title='bbox 710 1858 886 1935; x_wconf 87' lang='lat' dir='ltr'>auscultet</span> <span class='ocrx_word' id='word_1_106' title='bbox 899 1857 976 1925; x_wconf 72' lang='lat' dir='ltr'>tuus.</span> 
     </span>
     <span class='ocr_line' id='line_1_17' title="bbox 40 1959 884 2055; baseline 0 -23"><span class='ocrx_word' id='word_1_107' title='bbox 40 1962 246 2055; x_wconf 70' lang='lat' dir='ltr'>»nachorurn</span> <span class='ocrx_word' id='word_1_108' title='bbox 261 1962 299 2037; x_wconf 80' lang='lat' dir='ltr'>tit</span> <span class='ocrx_word' id='word_1_109' title='bbox 323 1959 513 2055; x_wconf 86' lang='lat' dir='ltr'>Virginum</span> <span class='ocrx_word' id='word_1_110' title='bbox 539 1962 649 2048; x_wconf 90' lang='lat' dir='ltr'>ordo,</span> <span class='ocrx_word' id='word_1_111' title='bbox 681 1959 742 2054; x_wconf 87' lang='lat' dir='ltr'>qui</span> <span class='ocrx_word' id='word_1_112' title='bbox 769 1959 884 2033; x_wconf 85' lang='lat' dir='ltr'>vitam</span> 
     </span>
     <span class='ocr_line' id='line_1_18' title="bbox 40 2058 883 2158; baseline -0.008 -21"><span class='ocrx_word' id='word_1_113' title='bbox 40 2060 164 2137; x_wconf 90' lang='lat' dir='ltr'>nundo</span> <span class='ocrx_word' id='word_1_114' title='bbox 174 2083 296 2158; x_wconf 88' lang='lat' dir='ltr'>parem</span> <span class='ocrx_word' id='word_1_115' title='bbox 308 2058 654 2155; x_wconf 84' lang='lat' dir='ltr'>angelisinstituunt.</span> <span class='ocrx_word' id='word_1_116' title='bbox 667 2059 810 2152; x_wconf 75' lang='lat' dir='ltr'>&#39;Magna</span> <span class='ocrx_word' id='word_1_117' title='bbox 820 2080 883 2131; x_wconf 86' lang='lat' dir='ltr'>vo·</span> 
     </span>
     <span class='ocr_line' id='line_1_19' title="bbox 58 2157 883 2257; baseline -0.005 -22"><span class='ocrx_word' id='word_1_118' title='bbox 58 2159 213 2257; x_wconf 87' lang='lat' dir='ltr'>reposita</span> <span class='ocrx_word' id='word_1_119' title='bbox 236 2159 285 2235; x_wconf 91' lang='lat' dir='ltr'>est</span> <span class='ocrx_word' id='word_1_120' title='bbox 301 2183 455 2243; x_wconf 86' lang='lat' dir='ltr'>corona,</span> <span class='ocrx_word' id='word_1_121' title='bbox 481 2182 526 2233; x_wconf 94' lang='lat' dir='ltr'>ne</span> <span class='ocrx_word' id='word_1_122' title='bbox 542 2159 676 2253; x_wconf 82' lang='lat' dir='ltr'>exigua</span> <span class='ocrx_word' id='word_1_123' title='bbox 696 2157 883 2254; x_wconf 87' lang='lat' dir='ltr'>voluptate</span> 
     </span>
     <span class='ocr_line' id='line_1_20' title="bbox 40 2257 884 2355; baseline -0.005 -21"><span class='ocrx_word' id='word_1_124' title='bbox 40 2281 149 2355; x_wconf 81' lang='lat' dir='ltr'>gnam</span> <span class='ocrx_word' id='word_1_125' title='bbox 164 2259 379 2355; x_wconf 84' lang='lat' dir='ltr'>dignitatem</span> <span class='ocrx_word' id='word_1_126' title='bbox 399 2261 643 2334; x_wconf 88' lang='lat' dir='ltr'>commutetis.</span> <span class='ocrx_word' id='word_1_127' title='bbox 675 2257 804 2354; x_wconf 87' lang='lat' dir='ltr'>Neque</span> <span class='ocrx_word' id='word_1_128' title='bbox 820 2279 884 2331; x_wconf 85' lang='lat' dir='ltr'>ve·</span> 
     </span>
     <span class='ocr_line' id='line_1_21' title="bbox 40 2354 880 2454; baseline -0.004 -22"><span class='ocrx_word' id='word_1_129' title='bbox 40 2357 280 2454; x_wconf 75' lang='lat' dir='ltr'>lipersestum</span> <span class='ocrx_word' id='word_1_130' title='bbox 298 2357 470 2432; x_wconf 74' lang='lat' dir='ltr'>castitatis</span> <span class='ocrx_word' id='word_1_131' title='bbox 496 2355 655 2433; x_wconf 89' lang='lat' dir='ltr'>officium</span> <span class='ocrx_word' id='word_1_132' title='bbox 681 2354 880 2452; x_wconf 87' lang='lat' dir='ltr'>adimples,</span> 
     </span>
    </p>
   </div>
   <div class='ocr_carea' id='block_1_6' title="bbox 40 2456 1092 2557">
    <p class='ocr_par' dir='ltr' id='par_1_10' title="bbox 40 2456 1092 2557">
     <span class='ocr_line' id='line_1_22' title="bbox 40 2456 1092 2557; baseline -0.001 -28"><span class='ocrx_word' id='word_1_133' title='bbox 40 2457 97 2532; x_wconf 75' lang='lat' dir='ltr'>etri</span> <span class='ocrx_word' id='word_1_134' title='bbox 112 2472 149 2532; x_wconf 93' lang='lat' dir='ltr'>te</span> <span class='ocrx_word' id='word_1_135' title='bbox 166 2458 271 2532; x_wconf 89' lang='lat' dir='ltr'>decet</span> <span class='ocrx_word' id='word_1_136' title='bbox 287 2456 455 2532; x_wconf 88' lang='lat' dir='ltr'>adversus</span> <span class='ocrx_word' id='word_1_137' title='bbox 478 2456 588 2544; x_wconf 91' lang='lat' dir='ltr'>illos,</span> <span class='ocrx_word' id='word_1_138' title='bbox 615 2459 677 2553; x_wconf 89' lang='lat' dir='ltr'>qui</span> <span class='ocrx_word' id='word_1_139' title='bbox 700 2456 880 2531; x_wconf 88' lang='lat' dir='ltr'>inferioris</span> <span class='ocrx_word' id='word_1_140' title='bbox 894 2479 1059 2542; x_wconf 68' lang='lat' dir='ltr'>Matrimo-</span> <span class='ocrx_word' id='word_1_141' title='bbox 1083 2546 1092 2557; x_wconf 62' lang='lat'><strong>„</strong></span> 
     </span>
    </p>
   </div>
   <div class='ocr_carea' id='block_1_7' title="bbox 40 2554 1061 2750">
    <p class='ocr_par' dir='ltr' id='par_1_11' title="bbox 40 2554 1061 2750">
     <span class='ocr_line' id='line_1_23' title="bbox 40 2554 1061 2653; baseline -0.005 -22"><span class='ocrx_word' id='word_1_142' title='bbox 40 2555 213 2632; x_wconf 74' lang='lat' dir='ltr'>astatum</span> <span class='ocrx_word' id='word_1_143' title='bbox 237 2558 471 2633; x_wconf 89' lang='lat' dir='ltr'>matrimonio</span> <span class='ocrx_word' id='word_1_144' title='bbox 503 2555 662 2653; x_wconf 86' lang='lat' dir='ltr'>copulati</span> <span class='ocrx_word' id='word_1_145' title='bbox 692 2554 877 2629; x_wconf 62' lang='lat' dir='ltr'>serrantur.</span> <span class='ocrx_word' id='word_1_146' title='bbox 892 2565 975 2626; x_wconf 72' lang='lat' dir='ltr'>nium</span> <span class='ocrx_word' id='word_1_147' title='bbox 1000 2583 1061 2626; x_wconf 73' lang='lat' dir='ltr'>mo</span> 
     </span>
     <span class='ocr_line' id='line_1_24' title="bbox 51 2652 1017 2750; baseline -0.006 -21"><span class='ocrx_word' id='word_1_148' title='bbox 51 2669 93 2729; x_wconf 92' lang='lat' dir='ltr'>tu</span> <span class='ocrx_word' id='word_1_149' title='bbox 117 2658 214 2730; x_wconf 89' lang='lat' dir='ltr'>enirn</span> <span class='ocrx_word' id='word_1_150' title='bbox 245 2680 292 2729; x_wconf 85' lang='lat' dir='ltr'>ex</span> <span class='ocrx_word' id='word_1_151' title='bbox 315 2655 523 2731; x_wconf 89' lang='lat' dir='ltr'>hominibus</span> <span class='ocrx_word' id='word_1_152' title='bbox 548 2652 750 2750; x_wconf 86' lang='lat' dir='ltr'>conjugatis</span> <span class='ocrx_word' id='word_1_153' title='bbox 771 2670 879 2727; x_wconf 86' lang='lat' dir='ltr'>natus</span> <span class='ocrx_word' id='word_1_154' title='bbox 893 2654 1017 2709; x_wconf 77' lang='lat' dir='ltr'>sontem·</span> 
     </span>
    </p>
   </div>
   <div class='ocr_carea' id='block_1_8' title="bbox 61 2727 1087 2851">
    <p class='ocr_par' dir='ltr' id='par_1_12' title="bbox 61 2727 1087 2851">
     <span class='ocr_line' id='line_1_25' title="bbox 61 2727 1087 2851; baseline -0.008 -21"><span class='ocrx_word' id='word_1_155' title='bbox 61 2753 100 2829; x_wconf 74' lang='grc' dir='ltr'>δι</span> <span class='ocrx_word' id='word_1_156' title='bbox 119 2754 190 2851; x_wconf 88' lang='lat' dir='ltr'>spei</span> <span class='ocrx_word' id='word_1_157' title='bbox 207 2755 313 2830; x_wconf 84' lang='lat' dir='ltr'>bonae</span> <span class='ocrx_word' id='word_1_158' title='bbox 330 2755 428 2851; x_wconf 87' lang='lat' dir='ltr'>pleni</span> <span class='ocrx_word' id='word_1_159' title='bbox 442 2753 542 2842; x_wconf 89' lang='lat' dir='ltr'>sunt,</span> <span class='ocrx_word' id='word_1_160' title='bbox 565 2755 628 2849; x_wconf 92' lang='lat' dir='ltr'>qui</span> <span class='ocrx_word' id='word_1_161' title='bbox 649 2755 687 2828; x_wconf 92' lang='lat' dir='ltr'>in</span> <span class='ocrx_word' id='word_1_162' title='bbox 711 2751 878 2848; x_wconf 80' lang='lat' dir='ltr'>conjugio</span> <span class='ocrx_word' id='word_1_163' title='bbox 892 2727 1055 2812; x_wconf 59' lang='lat' dir='ltr'>nendum„</span> <span class='ocrx_word' id='word_1_164' title='bbox 1084 2749 1087 2755; x_wconf 81' lang='grc'><strong>’</strong></span> 
     </span>
    </p>
   </div>
   <div class='ocr_carea' id='block_1_9' title="bbox 40 2851 1057 3464">
    <p class='ocr_par' dir='ltr' id='par_1_13' title="bbox 40 2851 1007 3047">
     <span class='ocr_line' id='line_1_26' title="bbox 40 2851 1007 2951; baseline -0.004 -24"><span class='ocrx_word' id='word_1_165' title='bbox 40 2853 136 2928; x_wconf 76' lang='lat' dir='ltr'>stirne</span> <span class='ocrx_word' id='word_1_166' title='bbox 152 2855 291 2951; x_wconf 89' lang='lat' dir='ltr'>nuptiis</span> <span class='ocrx_word' id='word_1_167' title='bbox 306 2866 483 2940; x_wconf 89' lang='lat' dir='ltr'>utuntur,</span> <span class='ocrx_word' id='word_1_168' title='bbox 506 2852 568 2948; x_wconf 88' lang='lat' dir='ltr'>qui</span> <span class='ocrx_word' id='word_1_169' title='bbox 582 2852 747 2928; x_wconf 72' lang='lat' dir='ltr'>exailum</span> <span class='ocrx_word' id='word_1_170' title='bbox 764 2851 811 2924; x_wconf 92' lang='lat' dir='ltr'>ad</span> <span class='ocrx_word' id='word_1_171' title='bbox 826 2853 880 2924; x_wconf 89' lang='lat' dir='ltr'>le·</span> <span class='ocrx_word' id='word_1_172' title='bbox 1000 2886 1007 2897; x_wconf 62' lang='grc'><strong><em>»</em></strong></span> 
     </span>
     <span class='ocr_line' id='line_1_27' title="bbox 60 2949 879 3047; baseline -0.001 -21"><span class='ocrx_word' id='word_1_173' title='bbox 60 2953 299 3041; x_wconf 89' lang='lat' dir='ltr'>connubium,</span> <span class='ocrx_word' id='word_1_174' title='bbox 322 2977 397 3027; x_wconf 93' lang='lat' dir='ltr'>non</span> <span class='ocrx_word' id='word_1_175' title='bbox 426 2973 560 3047; x_wconf 87' lang='lat' dir='ltr'>procax</span> <span class='ocrx_word' id='word_1_176' title='bbox 585 2952 624 3028; x_wconf 86' lang='lat'>&amp;</span> <span class='ocrx_word' id='word_1_177' title='bbox 650 2949 879 3026; x_wconf 87' lang='lat' dir='ltr'>libidinosum</span> 
     </span>
    </p>

    <p class='ocr_par' dir='ltr' id='par_1_14' title="bbox 40 3051 879 3148">
     <span class='ocr_line' id='line_1_28' title="bbox 40 3051 879 3148; baseline 0 -23"><span class='ocrx_word' id='word_1_178' title='bbox 40 3051 186 3136; x_wconf 89' lang='lat' dir='ltr'>ituunt,</span> <span class='ocrx_word' id='word_1_179' title='bbox 212 3053 273 3148; x_wconf 91' lang='lat' dir='ltr'>qui</span> <span class='ocrx_word' id='word_1_180' title='bbox 289 3051 524 3127; x_wconf 83' lang='lat' dir='ltr'>relaxationis</span> <span class='ocrx_word' id='word_1_181' title='bbox 540 3063 703 3148; x_wconf 90' lang='lat' dir='ltr'>tempora</span> <span class='ocrx_word' id='word_1_182' title='bbox 723 3063 879 3136; x_wconf 84' lang='lat' dir='ltr'>norunt.</span> 
     </span>
    </p>

    <p class='ocr_par' dir='ltr' id='par_1_15' title="bbox 40 3149 878 3247">
     <span class='ocr_line' id='line_1_29' title="bbox 40 3149 878 3247; baseline -0.004 -22"><span class='ocrx_word' id='word_1_183' title='bbox 40 3164 165 3225; x_wconf 80' lang='lat' dir='ltr'>vacent</span> <span class='ocrx_word' id='word_1_184' title='bbox 180 3151 359 3237; x_wconf 87' lang='lat' dir='ltr'>orationi,</span> <span class='ocrx_word' id='word_1_185' title='bbox 387 3149 449 3247; x_wconf 90' lang='lat' dir='ltr'>qui</span> <span class='ocrx_word' id='word_1_186' title='bbox 474 3149 669 3225; x_wconf 86' lang='lat' dir='ltr'>liberorum</span> <span class='ocrx_word' id='word_1_187' title='bbox 688 3170 878 3246; x_wconf 85' lang='lat' dir='ltr'>procrean-</span> 
     </span>
    </p>

    <p class='ocr_par' dir='ltr' id='par_1_16' title="bbox 40 3247 1057 3464">
     <span class='ocr_line' id='line_1_30' title="bbox 40 3247 950 3345; baseline -0.003 -21"><span class='ocrx_word' id='word_1_188' title='bbox 40 3272 105 3324; x_wconf 90' lang='lat' dir='ltr'>um</span> <span class='ocrx_word' id='word_1_189' title='bbox 119 3274 193 3324; x_wconf 94' lang='lat' dir='ltr'>non</span> <span class='ocrx_word' id='word_1_190' title='bbox 210 3250 374 3325; x_wconf 84' lang='lat' dir='ltr'>fruendae</span> <span class='ocrx_word' id='word_1_191' title='bbox 391 3247 588 3345; x_wconf 84' lang='lat' dir='ltr'>voluptatis</span> <span class='ocrx_word' id='word_1_192' title='bbox 602 3248 707 3326; x_wconf 86' lang='lat' dir='ltr'>causa</span> <span class='ocrx_word' id='word_1_193' title='bbox 723 3247 770 3324; x_wconf 89' lang='lat' dir='ltr'>ad</span> <span class='ocrx_word' id='word_1_194' title='bbox 787 3270 876 3343; x_wconf 91' lang='lat' dir='ltr'>nup·</span> <span class='ocrx_word' id='word_1_195' title='bbox 946 3266 950 3271; x_wconf 89' lang='grc'><strong><em>·</em></strong></span> 
     </span>
     <span class='ocr_line' id='line_1_31' title="bbox 40 3347 1057 3464; baseline 0 -44"><span class='ocrx_word' id='word_1_196' title='bbox 40 3347 283 3423; x_wconf 75' lang='lat' dir='ltr'>raccefferunt.</span> <span class='ocrx_word' id='word_1_197' title='bbox 335 3349 413 3423; x_wconf 90' lang='lat' dir='ltr'>Nec</span> <span class='ocrx_word' id='word_1_198' title='bbox 427 3351 535 3424; x_wconf 91' lang='lat' dir='ltr'>unico</span> <span class='ocrx_word' id='word_1_199' title='bbox 545 3348 778 3424; x_wconf 88' lang='lat' dir='ltr'>matrimonio</span> <span class='ocrx_word' id='word_1_200' title='bbox 790 3371 874 3421; x_wconf 93' lang='lat' dir='ltr'>con·</span> <span class='ocrx_word' id='word_1_201' title='bbox 890 3383 1008 3464; x_wconf 51' lang='lat' dir='ltr'>Numa</span> <span class='ocrx_word' id='word_1_202' title='bbox 1006 3380 1057 3464; x_wconf 75' lang='lat' dir='ltr'>s„</span> 
     </span>
    </p>
   </div>
   <div class='ocr_carea' id='block_1_10' title="bbox 40 3446 1071 3545">
    <p class='ocr_par' dir='ltr' id='par_1_17' title="bbox 40 3446 1071 3545">
     <span class='ocr_line' id='line_1_32' title="bbox 40 3446 1071 3545; baseline -0.005 -23"><span class='ocrx_word' id='word_1_203' title='bbox 40 3448 86 3536; x_wconf 86' lang='lat' dir='ltr'>ti,</span> <span class='ocrx_word' id='word_1_204' title='bbox 110 3470 174 3521; x_wconf 90' lang='lat' dir='ltr'>eos</span> <span class='ocrx_word' id='word_1_205' title='bbox 201 3448 263 3544; x_wconf 88' lang='lat' dir='ltr'>qui</span> <span class='ocrx_word' id='word_1_206' title='bbox 287 3447 335 3521; x_wconf 86' lang='lat' dir='ltr'>ad</span> <span class='ocrx_word' id='word_1_207' title='bbox 361 3447 534 3522; x_wconf 89' lang='lat' dir='ltr'>secundas</span> <span class='ocrx_word' id='word_1_208' title='bbox 557 3450 703 3545; x_wconf 84' lang='lat' dir='ltr'>nuptias</span> <span class='ocrx_word' id='word_1_209' title='bbox 724 3446 758 3522; x_wconf 92' lang='lat' dir='ltr'>se</span> <span class='ocrx_word' id='word_1_210' title='bbox 778 3446 874 3521; x_wconf 88' lang='lat' dir='ltr'>ultro</span> <span class='ocrx_word' id='word_1_211' title='bbox 889 3467 992 3532; x_wconf 72' lang='lat' dir='ltr'>cunda</span> <span class='ocrx_word' id='word_1_212' title='bbox 1020 3455 1071 3527; x_wconf 58' lang='lat' dir='ltr'>a:</span> 
     </span>
    </p>
   </div>
   <div class='ocr_carea' id='block_1_11' title="bbox 40 3542 978 3940">
    <p class='ocr_par' dir='ltr' id='par_1_18' title="bbox 40 3542 978 3845">
     <span class='ocr_line' id='line_1_33' title="bbox 40 3542 978 3641; baseline -0.006 -21"><span class='ocrx_word' id='word_1_213' title='bbox 40 3566 154 3625; x_wconf 71' lang='lat' dir='ltr'>acere,</span> <span class='ocrx_word' id='word_1_214' title='bbox 181 3571 265 3621; x_wconf 89' lang='lat' dir='ltr'>narn</span> <span class='ocrx_word' id='word_1_215' title='bbox 284 3546 539 3640; x_wconf 86' lang='lat' dir='ltr'>ignoscendum</span> <span class='ocrx_word' id='word_1_216' title='bbox 555 3544 625 3634; x_wconf 89' lang='lat' dir='ltr'>est,</span> <span class='ocrx_word' id='word_1_217' title='bbox 650 3546 741 3641; x_wconf 84' lang='lat' dir='ltr'>sracl</span> <span class='ocrx_word' id='word_1_218' title='bbox 753 3542 873 3621; x_wconf 93' lang='lat' dir='ltr'>secun·</span> <span class='ocrx_word' id='word_1_219' title='bbox 891 3557 978 3617; x_wconf 63' lang='lat' dir='ltr'>cira„</span> 
     </span>
     <span class='ocr_line' id='line_1_34' title="bbox 48 3644 879 3742; baseline 0.002 -21"><span class='ocrx_word' id='word_1_220' title='bbox 48 3645 193 3742; x_wconf 88' lang='lat' dir='ltr'>nuptias</span> <span class='ocrx_word' id='word_1_221' title='bbox 202 3647 416 3735; x_wconf 85' lang='lat' dir='ltr'>accedatur,</span> <span class='ocrx_word' id='word_1_222' title='bbox 436 3669 483 3720; x_wconf 89' lang='lat' dir='ltr'>ne</span> <span class='ocrx_word' id='word_1_223' title='bbox 495 3645 702 3724; x_wconf 84' lang='lat' dir='ltr'>scortationi</span> <span class='ocrx_word' id='word_1_224' title='bbox 718 3644 879 3723; x_wconf 62' lang='lat' dir='ltr'>succum-²</span> 
     </span>
     <span class='ocr_line' id='line_1_35' title="bbox 40 3743 534 3845; baseline 0.002 -22"><span class='ocrx_word' id='word_1_225' title='bbox 40 3756 61 3823; x_wconf 68' lang='grc' dir='ltr'>,ἴ</span> <span class='ocrx_word' id='word_1_226' title='bbox 76 3743 222 3837; x_wconf 77' lang='lat' dir='ltr'>infimi.</span> <span class='ocrx_word' id='word_1_227' title='bbox 251 3775 284 3827; x_wconf 84' lang='grc' dir='ltr'>ι.</span> <span class='ocrx_word' id='word_1_228' title='bbox 305 3743 385 3832; x_wconf 81' lang='lat' dir='ltr'>Cor.</span> <span class='ocrx_word' id='word_1_229' title='bbox 395 3768 430 3845; x_wconf 83' lang='lat'>7.</span> <span class='ocrx_word' id='word_1_230' title='bbox 448 3769 481 3821; x_wconf 86' lang='lat' dir='ltr'>v.</span> <span class='ocrx_word' id='word_1_231' title='bbox 499 3761 534 3832; x_wconf 81' lang='lat'>8.</span> 
     </span>
    </p>

    <p class='ocr_par' dir='ltr' id='par_1_19' title="bbox 308 3841 880 3940">
     <span class='ocr_line' id='line_1_36' title="bbox 308 3841 880 3940; baseline -0.014 -15"><span class='ocrx_word' id='word_1_232' title='bbox 308 3920 310 3925; x_wconf 86' lang='lat'>.</span> <span class='ocrx_word' id='word_1_233' title='bbox 420 3843 436 3919; x_wconf 93' lang='lat' dir='ltr'>l</span> <span class='ocrx_word' id='word_1_234' title='bbox 461 3870 484 3940; x_wconf 84' lang='lat'>3</span> <span class='ocrx_word' id='word_1_235' title='bbox 722 3871 792 3921; x_wconf 69' lang='lat'>120·</span> <span class='ocrx_word' id='word_1_236' title='bbox 805 3841 880 3935; x_wconf 82' lang='lat' dir='ltr'>,Ac</span> 
     </span>
    </p>
   </div>
   <div class='ocr_carea' id='block_1_12' title="bbox 1101 3806 1108 3989">
    <p class='ocr_par' dir='ltr' id='par_1_20' title="bbox 970 3771 1108 3989">
     <span class='ocr_line' id='line_1_37' title="bbox 1101 3806 1108 3989; baseline -0.007 0.051"><span class='ocrx_word' id='word_1_237' title='bbox 1101 3806 1108 3989; x_wconf 82' lang='grc'>1</span> 
     </span>
    </p>
   </div>
   <div class='ocr_carea' id='block_1_13' title="bbox 0 0 1212 4350">
    <p class='ocr_par' dir='ltr' id='par_1_21' title="bbox 0 0 1212 4350">
     <span class='ocr_line' id='line_1_38' title="bbox 0 0 1212 4350; baseline 0 0"><span class='ocrx_word' id='word_1_238' title='bbox 0 0 1212 4350; x_wconf 95' lang='lat' dir='ltr'> </span> 
     </span>
    </p>
   </div>
  </div>
 </body>
</html>
