2414 4350
69 172 81 205 ,
197 168 474 359 *Cacechefis
501 204 682 341 XVIII.
851 260 938 357 243
980 168 1000 305 »Ι

24 428 162 507 icind'e
179 450 227 505 ex
239 426 443 533 pnnefasla
461 426 540 527 ejus
556 450 664 505 carne
679 422 814 505 vermis
829 423 942 505 nasci·
1044 396 1058 411 ³

24 528 150 619 nun&
168 530 207 605 iu
223 540 359 604 novum
366 528 575 604 Phoenicem
592 528 850 603 conformatur.
878 524 940 605 Au
1045 548 1050 553 ·

24 652 114 717 cero
143 628 382 703 irrationabili
408 630 584 703 animanti
608 626 812 703 resurrectio
837 628 939 703 dabi·
1028 711 1031 719 ,

24 738 102 819 trrr,
129 728 237 803 uobis
257 749 355 817 vero,
381 730 442 823 qui
454 727 572 801 Deum
589 726 846 823 glorificamus,
863 740 938 801 non

24 824 276 905 concedetur?
296 825 433 903 Rursus
448 841 535 901 ante
552 830 728 903 ducentos
743 846 859 923 annos
875 822 938 901 ubi

24 944 177 1003 minue
199 946 327 1002 omnes
350 922 447 1002 nusi
478 925 517 1000 dc
539 924 670 1002 deinde
693 948 740 1000 ex
764 924 938 1001 imbecilli

24 1026 204 1127 principio
225 1027 373 1101 formati
388 1025 520 1100 sumus.
565 1026 646 1113 ·Qui
663 1040 786 1101 autem
804 1046 851 1099 ex
869 1025 938 1099 iru-

24 1124 195 1229 perfestis
212 1127 394 1222 principiis
411 1124 499 1200 fecit
515 1146 583 1199 nos
598 1124 720 1211 Deus,
732 1164 735 1169 ·
747 1146 835 1200 num
854 1121 938 1199 casu

24 1220 185 1323 rejectos
200 1224 361 1299 excitare
378 1222 629 1320 conpetenti
654 1222 819 1320 Denique
833 1222 938 1297 luna·

24 1346 66 1403 re
87 1342 222 1423 corpur
237 1324 408 1400 intutum
427 1322 623 1412 deficiens,
653 1322 707 1399 ita
723 1337 765 1399 ut
780 1323 872 1398 nihil
890 1341 938 1397 ex

24 1418 104 1523 ipso
125 1422 282 1521 amplius
299 1422 549 1520 conspiciatur,
565 1424 698 1499 iterum
716 1422 821 1509 inid,
839 1420 938 1519 quod

24 1534 112 1610 ,erat
130 1536 216 1599 ante
233 1518 460 1610 instauratur,
477 1521 516 1598 dc
538 1521 613 1619 post
633 1540 812 1598 annornm
833 1544 939 1597 revo·

24 1622 192 1711 lotiones
216 1618 254 1698 in
275 1618 484 1718 sanguinem
507 1623 676 1697 conversa
704 1621 824 1696 rursus
848 1618 939 1697 luci·

24 1722 118 1801 dum
137 1742 269 1818 corpus
283 1721 451 1813 resumit3
479 1717 560 1807 Deo
571 1722 720 1818 provide
736 1720 880 1806 molito,
896 1730 938 1794 ut

24 1834 70 1903 to
85 1840 138 1896 ex
157 1818 327 1916 sauguine
343 1813 559 1897 constitutus
579 1833 807 1897 mortuorum
825 1819 939 1895 resur·

24 1918 197 2009 rectionis
221 1919 331 1996 iidem
354 1940 429 1995 non
457 1920 662 2016 derogares,
712 1918 784 1995 His
812 1933 941 1995 contra
1096 1958 1101 1965 ·

24 2020 187 2119 ffiraeeon
203 2032 318 2099 utere.

75 2236 113 2314 5.
140 2210 290 2334 „Trans
306 2234 404 2291 nunc
416 2214 464 2292 ad
481 2211 709 2305 Samaritae,
750 2208 812 2312 qui
827 2207 940 2330 solam
954 2206 1100 2317 Restm-

24 2310 938 2513 nze{centnculturenntrnin
953 2300 1112 2451 nn·

24 2518 126 2621 node
145 2517 193 2591 ad
213 2516 340 2612 scripta
355 2515 447 2610 legis
464 2516 664 2591 veniamus.
716 2492 816 2589 Dicit
829 2514 939 2609 igitur
955 2466 1112 2622 ΨΜ

24 2614 133 2707 ,Deos
157 2615 203 2690 ud
226 2612 405 2712 Moysen:
445 2609 525 2711 Ego
547 2612 639 2688 Deus
664 2608 861 2700 Abrabam,
898 2608 939 2689 ὃ

24 2710 150 2815 ,ssim
175 2712 217 2790 Es
230 2711 347 2817 Jacob
363 2710 479 2789 Exod.
498 2738 533 2806 3.
551 2738 583 2788 v.
601 2718 636 2788 b.
656 2712 856 2787 viventium
873 2712 940 2787 du·
1037 2800 1041 2805 Ι

24 2814 89 2903 bio
106 2813 292 2913 procur&
305 2812 569 2888 subsistentium
588 2863 599 2898 ,
647 2808 672 2886 sr
690 2811 786 2886 enirn
803 2807 940 2887 mortui

24 2910 134 3001 sont,
165 2912 265 2987 Deus
290 2912 339 2986 est
365 2928 437 2986 non
466 2905 720 2986 existentium:
750 2908 938 3006 ecquando

24 3014 127 3101 ,cuim
146 3008 227 3086 Rex
242 3012 348 3098 dixit,
373 3031 495 3107 regem
514 3010 547 3083 se
563 3008 631 3084 esse
645 3008 818 3095 militurn,
844 3026 937 3105 quos

24 3134 102 3199 non
119 3112 254 3187 babeat
271 3164 282 3197 ‚
314 3124 526 3187 conantem
542 3110 637 3185 dixit
653 3162 664 3192 ,
702 3131 792 3185 eram
810 3126 939 3183 eorum

24 3212 154 3299 ωε,
180 3210 239 3283 sed
247 3210 334 3306 fictu.
386 3207 460 3286 Sed
474 3209 522 3301 ad
539 3208 608 3283 hoc
622 3206 938 3306 ajuntSamaritae,

24 3312 175 3399 animas
200 3308 381 3398 Abrahae,
411 3308 512 3397 lianc
537 3306 709 3407 &Jacob
737 3327 939 3394 remanere,

24 3432 185 3509 ,corpora
203 3423 325 3484 autern
342 3409 523 3504 resurgere
544 3429 615 3482 nou
633 3404 737 3505 polle.
801 3386 941 3483 Verum

24 3514 174 3607 ,tirgnrn
198 3506 280 3606 justi
300 3508 436 3606 Moysis
462 3510 656 3582 draconem
678 3502 756 3581 sieri
782 3502 941 3601 possibile

24 3612 121 3697 suit:
160 3606 275 3705 Virga
292 3608 450 3683 daronis
473 3607 592 3681 excisa
613 3606 652 3682 δι
671 3618 816 3681 mortua
833 3600 941 3677 reflo-

24 3710 104 3793 ruit
119 3703 225 3785 Num.
249 3731 304 3806 ¹7·
321 3730 353 3783 u.
373 3724 406 3795 8.
467 3704 603 3781 Mulier
620 3719 752 3804 proeter
769 3718 942 3797 naturam

458 3804 537 3929 Qua
865 3798 954 3891 „sal
