2414 4350
271 184 372 387 538¹
471 202 513 359 3'·
533 258 586 352 H
585 232 691 351 ilarii
710 259 790 377 Ep.
811 260 976 360 Passum
1010 276 1015 285 “

267 449 494 549 „Ptolemaeo
511 448 770 529 transferendae
785 474 832 524 ex
852 448 1019 527 Hebraeo
1042 448 1083 527 iii
1104 448 1193 525 Gru·

267 572 380 647 „oum
403 548 600 633 sermonem
621 550 735 623 totius
761 549 852 643 legis
873 572 963 623 cura
988 548 1191 625 demandati

267 648 365 740 ,‚est‚
402 648 575 748 spirituali
602 645 746 733 scientia
779 651 953 725 virtutem
976 646 1190 729 Psalmoruii

265 748 564 843 „intelligentes,
606 747 645 830 in
671 748 836 831 ordinem
862 772 927 829 eos
962 748 1188 843 redegerunt.

263 845 440 943 „singulis
472 846 674 945 quibusque
705 846 866 929 numeris
895 844 1188 944 perfettorumst

260 944 521 1045 „efficientium
535 945 752 1043 psalmorum
777 947 943 1026 ordinem
960 946 1186 1043 deputantur

259 1043 335 1141 „sic¹
350 1045 512 1135 psalmus
527 1047 656 1133 tertius
675 1045 869 1121 secundum
894 1045 1089 1127 historiam
1106 1044 1187 1139 fug!

259 1144 408 1237 „Dauid
441 1144 728 1241 aperseoutione
762 1143 919 1219 Absalon
954 1140 1188 1241 posterioris

258 1243 578 1350 „quinquagesimo
601 1243 743 1331 Psalmo
766 1246 811 1319 de
839 1244 1061 1341 poenitentia
1087 1241 1189 1327 Dauid

248 1342 334 1437 „ob
359 1344 579 1431 commissam
605 1343 744 1427 caedein
771 1342 870 1418 Uriae
896 1341 935 1417 u
960 1343 1186 1429 adulterium,

256 1465 371 1541 „iiam
392 1466 478 1527 oum
493 1444 530 1529 iii
546 1440 838 1543 quinquagesimo
859 1438 1015 1525 remislio
1034 1454 1187 1539 peccato

254 1562 303 1637 aar
305 1564 367 1631 ⁰111
384 1540 644 1630 collocaretur,
675 1563 781 1640 poena
799 1540 959 1638 perfidiae
975 1542 1187 1639 inpoeniteu·

254 1637 961 1746 „tisDuechiupsalmoquinquagefimo
978 1643 1104 1739 primo
1114 1662 1187 1723 cunb

253 1738 404 1839 „diluta
419 1742 524 1821 venia
543 1744 700 1825 carebat,
725 1740 856 1837 Tribus
867 1762 956 1817 vero
970 1740 1188 1837 quinquagu

253 1837 601 1938 „fiinisPsalmorum
610 1839 701 1915 liber
709 1839 924 1921 continetur,
932 1840 997 1935 qui
1006 1836 1187 1923 ordouui.

255 1961 425 2037 „morum
439 1962 523 2025 cum
541 1938 797 2037 dispensatione
813 1936 938 2017 salutis
955 1937 1092 2017 rioslrae
1111 1960 1187 2023 eon*

254 2039 401 2135 „venitz
438 2062 520 2121 cum
546 2040 643 2125 enim
664 2032 801 2134 primus
859 2037 951 2111 adua
972 2034 1019 2114 sit
1037 2039 1086 2121 ad
1104 2036 1186 2111 sain

251 2150 357 2237 „tem
373 2138 411 2223 in
427 2138 756 2223 novumhominem
771 2159 816 2233 po
854 2134 1098 2212 remissionem
1112 2156 1184 2235 peni

253 2252 446 2325 „catorum
463 2234 611 2325 renasci,
635 2236 748 2331 sitque
760 2234 842 2332 'post
862 2235 1093 2341 poenitentiae
1108 2258 1183 2309 corii

250 2333 460 2429 „sessionem
484 2356 635 2437 regnum
652 2335 799 2417 Domini
825 2334 862 2410 in
881 2332 1036 2415 caelestis
1057 2336 1180 2411 Hiemi.

253 2433 391 2526 „salem
422 2448 585 2531 tempora
612 2432 851 2519 reservatum,
885 2432 923 2509 u
948 2434 1074 2531 possea
1102 2458 1176 2511 ceu*

252 2530 460 2630 „summata
479 2535 517 2619 in
540 2559 608 2619 rios
629 2529 780 2609 eoelesiis
796 2533 911 2628 gloria
928 2536 965 2605 in
984 2533 1055 2615 Dei
1071 2534 1177 2614 Putris

249 2652 426 2729 „regnum
442 2655 505 2729 per
519 2654 670 2729 regnum
690 2632 771 2707 Filii
788 2630 1034 2731 proficiamus,
1060 2635 1098 2707 iii
1113 2626 1173 2729 dui

246 2732 417 2827 „debitas
426 2733 505 2811 Deo
517 2733 644 2817 laudes
659 2731 869 2817 universitas
886 2730 1076 2827 spirituum
1096 2752 1169 2829 praei
1198 2744 1202 2809 ξ

246 2833 430 2929 „dicabit,
464 2830 571 2915 facile
595 2833 832 2927 'intelligimus
856 2831 895 2915 iu
921 2830 1075 2925 singulis
1091 2825 1168 2907 Psali
1198 2824 1203 2917 s

246 2954 417 3025 „morum
448 2931 643 3009 virtutibus
678 2931 740 3006 sub
768 2932 1092 3026 quinquagenariae
1115 2950 1169 3010 uu·

246 3054 375 3129 „mero
400 3030 588 3113 collocatis
617 3030 879 3111 sacramentum
908 3028 1172 3125 dispensationis

248 3130 400 3225 „salutis
423 3128 549 3203 nostrae
580 3132 777 3213 contineri,
815 3150 896 3226 quae
930 3128 1085 3224 proinde
1106 3126 1172 3203 sabi

246 3232 357 3325 „bata
371 3230 597 3312 sabbatorum
613 3230 750 3324 ogdoas
768 3227 827 3309 seu
844 3227 968 3311 oslava
980 3230 1076 3315 dies,
1100 3246 1173 3325 quu

58 3340 123 3415 Die
139 3350 202 3416 Do,
247 3330 323 3421 „ess
339 3330 433 3427 apud
458 3352 524 3401 nos
545 3330 660 3426 prima
686 3330 745 3403 seu
767 3328 956 3409 Dominica
981 3328 1172 3409 secunduiu¹

59 3434 172 3501 minicia
246 3426 534 3526 „plenitudinem
561 3428 818 3524 Euangesicam
849 3425 1100 3517 consummat,
1140 3426 1172 3509 iu

56 3520 226 3605 nonjajs,
245 3550 342 3625 „qua
359 3526 590 3607 constitutum
615 3528 684 3609 eii,
710 3530 745 3602 in
768 3541 901 3603 terram
924 3526 1033 3602 sliato
1051 3548 1171 3625 corpu

51 3608 164 3705 i'm'i
244 3650 310 3719 „re
326 3628 496 3714 adorare,
522 3649 638 3723 neque
656 3627 792 3725 jejunio
821 3623 1051 3709 festivitatem
1081 3624 1170 3723 spiri·

51 3712 68 3819 i'
243 3728 381 3835 „tidie
401 3725 510 3835 liujus
526 3726 762 3815 beatitudinis
785 3725 970 3825 impedire.
1024 3726 1075 3809 Et
1100 3728 1172 3805 siaet

1010 3826 1168 3929 „ogrsoa-
