2414 4350
47 170 70 285 Ιᾗ·
97 166 192 335 ’ᾗ
220 166 507 366 fflffsalm.
527 164 793 338 Euandros
836 246 951 358 ¹585'
1053 210 1104 389 ‘s

37 434 54 463 ··
216 464 469 607 „Infirmus
506 458 633 553 LIII.

33 658 40 715 r
52 628 185 747 finem
198 634 241 719 in
256 626 510 733 torminibus,
539 633 753 721 intersertos
768 630 923 728 David,

33 768 229 872 nocuissent
251 771 387 871 Zipdoei
404 770 444 849 &
458 770 612 872 dixiffent
627 773 674 846 od
691 768 795 848 Suus:
821 792 926 844 nonne
1002 836 1004 853 ,

44 992 50 1007 ¹
113 919 180 969 ecce
205 892 324 1017 David
340 893 546 996 absconditus
569 896 610 993 esi
633 893 724 997 opud
738 916 808 973 nos.
1010 922 1012 926 ⁷

97 1052 99 1065 ·
356 1016 482 1117 eng.
504 1020 563 1095 26.

55 1188 202 1319 „Hoc
232 1188 329 1284 quod
363 1186 567 1285 aZiphaeis
595 1183 714 1262 David
742 1183 928 1283 proditur,

201 1289 264 1372 „in
298 1284 407 1363 finem
439 1287 489 1363 est
511 1286 815 1381 intelligendum:
866 1305 930 1380 per

33 1385 118 1481 puod
150 1386 383 1462 ostenduntur
408 1411 472 1474 ea,
504 1392 587 1485 qnae
612 1387 650 1461 in
673 1384 828 1481 praesens
843 1406 929 1480 erga
1042 1422 1044 1427 ·

33 1484 142 1600 david
168 1488 413 1582 gerebantur.
462 1485 793 1583 praeformationem
823 1484 862 1558 in
895 1483 931 1557 se

33 1597 135 1659 utun
154 1587 329 1683 temporis
347 1588 552 1678 continere3
579 1608 663 1661 curn
679 1586 853 1658 innocens
874 1582 931 1659 in·
971 1612 974 1619 ¹

32 1683 213 1760 'effatione
233 1698 408 1773 vexatur,
439 1708 523 1761 cnm
550 1683 727 1781 propheta
743 1696 931 1758 contume·
1005 1703 1007 1709 ·

32 1782 83 1863 iis
107 1783 292 1871 illuditur,
328 1809 412 1862 cunr
436 1785 516 1859 Deo
539 1784 688 1880 placens
711 1783 759 1858 ad
774 1790 932 1859 mortem

32 1883 229 1980 requiritur,
253 1907 336 1963 curn
358 1908 423 1960 rex
440 1885 588 1961 inimico
604 1882 687 1972 suo,
720 1881 775 1960 uti
791 1882 931 1958 Herodi
1029 1950 1035 1959 .

32 1982 202 2075 Dominus
221 1999 330 2081 atque
350 1982 470 2060 Pil'ato
488 1984 533 2058 ab
553 1983 611 2058 his
627 1983 810 2080 proditur,
848 2004 933 2059 cum

32 2082 158 2183 {uibus
181 2096 283 2160 tutus
309 2083 376 2161 effe
403 2084 569 2159 debebat.
621 2082 753 2159 Psalmi
774 2103 860 2172 ergo
879 2080 936 2179 in·

32 2183 227 2278 :elligentia
245 2187 282 2260 in
300 2183 409 2261 finem
427 2184 496 2271 est,
529 2183 568 2262 dc
582 2183 628 2257 in·
644 2182 709 2257 ilio
732 2181 853 2257 David
878 2181 937 2255 in·

32 2282 212 2370 elredus,
248 2286 286 2362 in
305 2307 378 2381 quo
396 2282 444 2359 est
457 2283 541 2358 finis
557 2283 660 2379 legis.
712 2281 788 2380 Ipsa
811 2291 936 2364 nutem
1043 2284 1045 2288 ’

32 2380 280 2479 interpretatio
297 2385 454 2461 nominis
472 2381 578 2460 affert
590 2406 664 2457 non
683 2384 858 2477 exiguum
872 2403 938 2455 no·

31 2483 84 2561 bis
101 2483 432 2579 adintelligendum
440 2482 657 2581 profertum:
680 2481 820 2578 Ziphaei
836 2503 941 2556 nam·

31 2605 99 2685 pue
113 2582 354 2678 significentur
364 2585 438 2659 oris
446 2579 661 2681 aspersiones
673 2604 684 2672 3
714 2578 941 2676 aspersroeu·

31 2694 105 2761 t'ern
121 2683 316 2759 secundnm
333 2683 453 2778 legem
474 2679 685 2759 emundatio
709 2694 942 2776 peccatorum

31 2793 109 2858 erat
126 2781 315 2879 perfidem
332 2781 506 2880 populum
531 2778 714 2874 sanguinis
744 2776 941 2876 aspersione

31 2880 247 2981 purificans,
279 2881 543 2958 sacramentum
567 2879 703 2956 suturae
727 2903 774 2954 ex
792 2877 941 2956 Domini
1045 2951 1048 2957 .

31 2981 203 3078 &nguine
234 2981 440 3080 aspersionis
475 2978 547 3056 fide
571 2978 718 3054 interim
742 2977 834 3072 legis
859 2976 937 3052 san·

31 3082 141 3179 guine
157 3082 507 3157 holocaustomatum
522 3079 812 3176 repraesentante.
863 3077 938 3154 Sed

31 3181 94 3258 hic
118 3181 274 3280 populus
297 3204 360 3257 ore
381 3181 640 3279 potiusquam
664 3177 737 3265 fide
765 3175 937 3275 aspersus,

31 3279 71 3361 δι
111 3282 387 3359 mundationem
429 3277 637 3378 aspersionis
677 3276 783 3352 labiis
819 3276 938 3372 magis

32 3402 143 3477 quarn
171 3382 280 3457 corde
312 3379 524 3478 suscipiens,
567 3377 724 3457 infidelis
753 3374 790 3453 in
820 3376 955 3453 David¹

33 3481 136 3659 {popm
155 3479 193 3557 dc
218 3481 380 3577 proditor
399 3478 541 3570 extitit,
579 3478 641 3580 qui
664 3475 814 3580 proinde
835 3474 961 3557 Chri·⁴

31 3653 32 3661 r
88 3592 177 3659 sita
196 3596 296 3660 orat:
544 3624 546 3629 ,
797 3628 801 3643 ·

471 3820 535 3900 On
558 3783 597 3920 ς’
768 3843 804 3900 2.
823 3816 944 3937 „pr
