2414 4350
211 170 296 366 pag
426 247 469 338 S.
489 245 643 338 Hilarii
664 244 744 359 En.
765 246 934 339 Poetae.

212 437 339 530 „nium
366 433 497 521 Israel,
532 458 603 509 non
630 434 669 510 in
685 432 949 512 ‘testimonium
974 435 1132 531 gestium,

214 534 358 635 „sedin
383 535 622 609 testimonium
642 532 761 608 lsrael:
807 536 931 611 tribus
956 537 1053 611 enim
1073 536 1133 611 Do·

145 681 147 685 .
217 636 335 727 „mini
351 634 490 718 sumus,
522 633 612 709 &in
629 635 779 707 domum
799 634 873 710 Dei
890 636 1006 735 Jacob
1025 636 1131 711 introi·

111 736 116 755 “
218 735 384 827 „bimus,
408 734 444 809 dt
464 734 689 808 annuntiabit
702 734 809 807 nobis
825 738 927 811 viam
946 736 1059 811 suam.
1090 736 1132 813 Ex

217 831 468 928 „fflerusalem
499 836 595 906 enim
621 833 746 906 exiens
771 832 957 910 Dominus
979 836 1077 911 venit
1097 838 1132 911 ad

217 947 391 1030 „gentes,
421 952 503 1029 quae
518 932 700 1007 introeunt
720 932 757 1006 in
786 932 947 1029 mattam
965 934 1131 1011 civitaten

216 1038 282 1128 „in
298 1030 537 1108 testimonium
553 1031 677 1119 lsrael,
711 1031 845 1108 scilicet
864 1036 913 1108 od
929 1035 1132 1133 confitendas

215 1133 364 1228 „nomini
380 1130 528 1206 Domini.
580 1130 706 1206 Tribus
731 1134 827 1207 enim
846 1134 1005 1211 Domini
1019 1158 1134 1211 nomeu

214 1231 391 1327 „Domini
405 1230 637 1320 confitentur,
671 1233 755 1329 quia
777 1232 880 1307 Deus
896 1234 970 1319 est,
1004 1230 1134 1330 quiaii·

60 1350 73 1377 ⁸
212 1333 312 1425 „lius
329 1331 534 1426 unigenitus
550 1330 699 1423 ingeniti
715 1332 773 1405 eii.
803 1332 880 1409 Sed
896 1332 1072 1408 conscisio
1083 1332 1133 1407 m

213 1430 413 1529 „judicium
433 1428 500 1515 est,
543 1427 724 1525 judicatur
745 1432 840 1505 enim
867 1454 936 1529 per
953 1455 1044 1515 eos,
1081 1432 1134 1527 qni

210 1530 448 1629 „judicabunt
465 1529 655 1603 duodecim
679 1528 793 1603 tribus
815 1529 947 1613 lsrael,
987 1533 1050 1628 qui
1067 1529 1132 1605 ἱρῇ.

210 1628 339 1722 „deles
354 1640 471 1715 erunt,
486 1650 568 1704 cum
583 1642 727 1702 econtra
743 1628 868 1703 fideles
877 1629 1065 1727 semmai,
1084 1627 1130 1703 vei

91 1854 94 1861 ·
210 1827 276 1921 „dt
289 1824 453 1927 rogabunt
466 1826 525 1901 vel
542 1827 830 1921 interrogabunt,
856 1850 1014 1923 quanam
1027 1830 1133 1927 adii*

210 1954 304 2021 „cem
326 1922 392 2025 firi
411 1923 635 2022 Hierusalem,
668 1924 706 2001 δι
729 1924 899 2000 audient:
936 1924 1135 2003 mundana·

210 2021 448 2123 ,diligentibus
463 2037 514 2112 te,
550 2023 683 2099 scilicet
702 2024 929 2100 abundantia
948 2031 1071 2124 pacis,
1103 2022 1136 2101 e

208 2126 412 2218 „bonorum
430 2122 634 2198 coelestium.
683 2122 788 2198 Unde
803 2122 960 2221 adjecit:
987 2128 1135 2224 finipor

208 2225 510 2317 „incineratum
548 2221 589 2298 ὃ
614 2219 814 2296 aburrdo'ntio
835 2227 869 2297 in
898 2223 1052 2299 turribus
1076 2226 1133 2299 uis

206 2320 403 2421 „groviban
428 2320 487 2394 seu
502 2320 625 2396 iirmis.
671 2321 747 2394 Pax
762 2324 892 2417 quippe
914 2322 1130 2399 Ecclefiae&

206 2422 354 2514 „unitas
371 2422 540 2495 virtutem
560 2420 662 2493 nobis
683 2420 967 2516 firmitatemque
980 2422 1126 2519 praestat

160 2544 163 2549 ·
205 2521 283 2613 „Et
305 2541 400 2594 nunc
425 2541 567 2614 quoque
593 2519 685 2593 hanc
709 2520 993 2606 abundantiam,
1030 2543 1126 2619 quau

203 2619 463 2715 „diligentibus
479 2618 731 2713 spoponderat,
763 2619 946 2716 propriam
967 2619 1038 2694 eise
1057 2642 1125 2717 gra·

203 2719 330 2812 „vium
353 2719 504 2793 turrium
524 2733 804 2804 commemorat,
830 2728 1043 2811 eos'graves
1061 2738 1122 2795 tur·

202 2841 289 2909 „res
323 2815 542 2911 significans,
580 2818 781 2913 quicunque
816 2817 1032 2911 diligerent:
1071 2838 1123 2915 pet

201 2916 326 3013 „qnod
346 2914 619 3017 intelligendum
646 2914 715 2997 est,
751 2915 1014 2990 abundantiam
1040 2917 1122 2992 hant
1157 2886 1163 2975 Ῑ

199 3017 295 3107 „elie
325 3037 448 3089 eornm
484 3026 624 3087 tantum
662 3013 885 3089 fidelium&
926 3012 1121 3090 sannorum
1157 2978 1165 3123 i

198 3116 413 3206 „virorum,
471 3112 533 3207 qui
576 3112 737 3186 civitatis
771 3112 877 3209 hujus
915 3114 1123 3190 aedificatio·

198 3217 264 3306 „ni
294 3227 478 3308 tamquam
513 3212 664 3285 turrium
691 3209 861 3286 firmitate
886 3212 1122 3309 praestiterint.

199 3313 397 3407 „Sequitur
417 3311 546 3385 deinde
565 3310 749 3406 prophetae
775 3313 811 3384 in
838 3334 985 3386 omnem
1009 3314 1123 3389 homi·

198 3437 308 3503 „nem
329 3411 539 3485 admonitio.
592 3407 731 3507 Propter
744 3412 874 3506 fraires
890 3428 976 3484 tneor
990 3410 1034 3487 δ’
1044 3438 1122 3511 pro·

199 3516 331 3601 „nimos
347 3536 430 3583 meos
446 3506 596 3603 loquebar
607 3533 720 3604 pacem
737 3509 775 3580 de
792 3521 839 3595 ie,
866 3506 1015 3585 obe'ata
1040 3511 1122 3586 ciri·
1162 3424 1167 3609 i

197 3628 293 3700 „tas‚
317 3621 359 3684 ut
376 3610 543 3684 nimirum
562 3607 594 3680 se
613 3609 649 3679 in
663 3605 855 3682 aedificium
873 3610 1119 3684 consnmman·

198 3712 281 3801 „dae
294 3708 401 3807 hujus
418 3708 769 3805 civitatisaptarent,
788 3707 825 3783 δι
836 3720 975 3808 propter
988 3708 1117 3883 detrudar

1019 3858 1046 3899 rr
1084 3832 1118 3882 θ’

195 1725 385 1829 „sedebunt
403 1724 499 1825 firprr
515 1726 644 1802 domum
658 1724 795 1813 Dauid,
826 1728 866 1804 id
891 1728 967 1815 est,
1002 1728 1132 1815 Cht‘tffi,
1151 1760 1167 2565 κ
