2414 4350
128 228 133 240 ’
231 221 315 319 usu
479 206 523 302 S.
557 202 697 321 Cyrilli
716 194 917 320 Humilis.

228 386 321 485 „alii
342 410 486 490 quoque
514 390 726 487 potestatem
750 390 829 489 ejus
858 393 897 466 in
924 390 1060 467 coelum
1089 402 1165 479 taus
1195 411 1207 498 ‘p

85 570 90 581 Α
226 505 358 584 „tum,
384 516 458 565 non
476 507 600 565 autern
617 492 664 564 ad
685 507 818 566 terram
838 506 954 590 usque
979 492 1165 587 pertende·
1201 515 1207 531 ³

227 613 307 683 „re
359 590 485 686 Aliqui
504 590 616 664 etiam
631 590 704 666 ausi
725 588 805 666 sunt
821 591 889 668 Dei
903 591 1164 690 providentiam
1200 611 1204 616 ’

227 690 411 782 „nubibus
437 715 481 763 ac
497 691 591 764 coelo
614 691 923 778 circumscribere,
953 712 1108 786 quaeque
1131 692 1164 767 io

226 804 352 881 „terra
371 789 452 865 sunt
469 808 492 863 a
509 790 588 862 Deo
607 791 835 878 abalienare,
862 794 1099 867 immemores
1125 788 1164 867 it·

226 888 349 980 „lius,
389 887 431 967 Si
444 888 613 985 ascendero
631 892 665 964 in
680 890 815 973 culum,
849 905 885 965 tu
904 892 975 965 illic
992 911 1045 977 cr,
1061 890 1097 987 st
1114 887 1165 965 dr·
1198 939 1207 1002 Ι

224 988 403 1087 ‚flendero
428 988 462 1061 r'n
479 990 662 1084 infernum,
687 988 832 1088 odesPſs
861 1007 941 1086 138.
959 1014 991 1065 v.
1005 1006 1040 1074 8.
1061 988 1163 1081 ,Nan
1199 1017 1207 1102 p

224 1087 277 1179 „sr
297 1087 390 1162 coelo
406 1085 592 1162 sublimius
610 1082 702 1163 nibil
719 1088 788 1175 est,
807 1112 897 1165 cum
913 1087 1079 1163 infernus
1096 1102 1165 1165 ter·
1199 1123 1207 1198 p

223 1209 295 1279 „ra
311 1186 523 1284 profundior
539 1186 595 1278 sit,
610 1190 673 1286 qui
682 1190 851 1273 inferiora
868 1200 1037 1286 occupat,
1056 1186 1165 1267 emur
1182 1190 1185 1195 ’
1201 1213 1207 1232 ¹

221 1300 386 1379 „terram
404 1286 564 1382 attingit.

41 1508 119 1575 sui„
135 1506 196 1576 rus.
293 1502 329 1561 2.
356 1477 559 1573 „Haeretici
578 1483 718 1569 rursum
746 1499 860 1559 unum
896 1475 1015 1559 Deum
1047 1472 1165 1561 omni·

41 1596 140 1663 retici.
225 1595 443 1681 „potentem
472 1607 545 1658 non
568 1605 721 1659 novere:
748 1584 979 1680 omnipotens
993 1581 1167 1679 siquidem

226 1683 325 1776 „est,
351 1685 412 1779 qui
433 1684 601 1759 omnibus
621 1683 849 1770 dominatur,
882 1683 1027 1780 suaeque
1056 1681 1167 1763 habet

227 1780 410 1880 „sublesta
432 1783 618 1880 potestati:
645 1782 698 1859 illi
723 1803 835 1870 vero,
862 1783 924 1878 qui
949 1800 1064 1859 unum
1089 1780 1167 1879 qui·

226 1882 339 1975 „dem
365 1870 499 1958 animae
521 1884 731 1971 dominum,
763 1881 876 1956 alium
896 1903 983 1955 vero
1006 1880 1166 1978 eorporis

226 1982 415 2073 „dicuut‚·
430 1995 602 2056 neutrum
624 2002 748 2058 eorum
765 1979 961 2077 persetlum
973 1978 1168 2077 affimant,

227 2080 354 2176 „quod
394 2104 520 2156 eorum
553 2097 704 2176 uterque
740 2080 855 2154 altera
892 2102 932 2154 re
966 2072 1166 2156 deliciatur.

187 2230 190 2237 ·
227 2181 326 2271 „Qui
344 2182 441 2255 enim
467 2180 578 2255 habet
594 2183 727 2254 animae
745 2178 978 2276 potestatem,
1005 2179 1167 2277 corporis

226 2305 328 2370 „non
346 2281 479 2365 habet,
504 2280 543 2354 tir
563 2278 728 2354 vicissim:
755 2300 826 2373 qua
846 2281 986 2354 ratione
1004 2279 1165 2354 eritom·

226 2376 462 2475 „nipotens‘l
502 2378 615 2474 Atqui
640 2379 723 2453 illos
758 2380 935 2453 Dominus
961 2378 1166 2466 convincit,

224 2479 340 2570 „dum
364 2477 435 2551 ait:
467 2469 587 2552 llorere
602 2480 716 2577 potins
734 2504 825 2563 curn,
852 2479 909 2573 qui
920 2491 998 2577 potr
1038 2475 1080 2553 ss
1094 2476 1169 2567 anie

224 2601 339 2667 „mom
370 2575 410 2652 ss
427 2601 545 2677 corpus
564 2580 700 2677 perdere
719 2578 754 2652 in
786 2574 931 2675 gebenna
1001 2575 1084 2653 alib.
1109 2602 1165 2655 ιο.

223 2699 282 2767 ,,υ.
320 2688 377 2760 18.

7 2868 9 2879 ’
41 2884 129 2953 Deus
148 2902 213 2950 om·
300 2889 335 2965 3.
364 2864 444 2958 „At
464 2864 588 2946 divina
610 2866 798 2970 Scriptura
823 2864 861 2949 br
885 2865 1050 2949 veritatis
1076 2864 1167 2970 dog·

41 2971 130 3070 nibus
158 2971 212 3033 dn-
228 2986 353 3059 „mata
376 2993 489 3045 unum
515 2971 632 3045 Deum
661 2989 817 3057 norunt,
852 2973 915 3068 qui
939 2974 1060 3047 omnia
1085 2974 1167 3069 qui·

40 3064 190 3121 mmmm·
226 3072 335 3160 „dem
358 3070 542 3167 potestatis
561 3072 712 3166 irnperio
737 3066 890 3168 sublesta
918 3084 1038 3159 tenet,
1069 3070 1166 3146 mul·

223 3184 288 3259 „ta
306 3190 391 3242 vero
407 3168 552 3263 perfert,
575 3173 661 3266 quia
678 3173 767 3248 vult.
817 3170 912 3244 Nam
930 3171 974 3247 &1
984 3172 1022 3245 in
1046 3170 1166 3249 idolo·

83 3314 87 3321 ·
145 3298 148 3305 ·
224 3291 329 3356 „rum
357 3268 516 3343 cultores
536 3270 726 3364 imperium
759 3283 925 3357 exercet,
960 3266 1063 3346 &in
1088 3271 1166 3346 bae·

43 3386 105 3455 cur
141 3369 404 3455 ara.„reticos,
438 3367 475 3442 bt
507 3370 543 3441 in
575 3369 781 3453 diabolum,
817 3369 875 3442 sed
901 3389 947 3442 ex
969 3368 1165 3446 tolerantia

39 3470 140 3537 borum
166 3484 209 3538 ro·
225 3468 405 3563 „patitur‚
432 3467 490 3539 cui
512 3468 632 3540 vivere
656 3468 823 3552 indulsit,
847 3481 888 3542 ut
905 3468 942 3544 bc
961 3469 1033 3566 ipse
1048 3468 1165 3567 majo·

38 3554 128 3667 ΨΜ·
223 3570 279 3658 „ri
300 3565 516 3640 verecundia
546 3562 722 3642 afficiatur
746 3568 954 3664 superatus,
980 3566 1019 3643 δι
1042 3568 1164 3645 homi·

222 3688 314 3759 „nes
331 3663 475 3740 coronis
490 3663 720 3743 illustrentur.
772 3667 1000 3766 Osapientiae
1015 3666 1162 3766 plenam

1011 3768 1160 3865 „provi-
