2414 4350
123 154 126 161 Ι
249 188 350 355 faoi
462 200 523 311 S.
544 146 701 311 Hilirii
721 212 803 337 Ep.
821 164 988 309 Pidiou
1076 246 1136 285 .-

333 432 367 484 2.
395 405 527 507 „Eripe
542 434 590 482 me
605 407 647 482 de
667 407 806 485 inimicis
822 407 905 506 ineis
920 404 1020 482 Deus
1034 426 1120 480 meur
1133 400 1188 481 &u
1206 395 1207 414 '

261 510 460 601 „vitiorum
494 508 738 584 humanorum
778 506 909 581 causas
950 503 1190 603 profectusque

261 607 459 701 „ostendit:
493 606 531 682 dc
552 607 635 682 ideo
649 608 723 683 iras
749 605 787 682 dr
802 604 1025 681 inimicitias
1043 604 1191 699 Evange-

261 708 380 800 „lium
405 705 624 804 compreffit,
656 707 741 803 quia
764 728 811 779 ex
828 704 888 780 his
911 704 961 779 ad
986 703 1112 779 virum
1131 700 1190 777 irn-

259 809 439 903 „guinum
456 809 675 903 pervenitur,
684 828 771 880 nam
789 806 953 903 primum
970 803 1104 877 inimici
1119 801 1190 893 sunt,

260 908 420 997 „dehinc
439 905 613 1004 insurgunt
627 907 665 980 in
684 927 790 991 eum,
822 902 930 1000 cuius
953 901 1102 978 inimici
1118 902 1191 989 funt,

262 1006 513 1100 „insurgentes
543 1020 667 1080 autem
701 1004 885 1099 iniquitatis
917 1005 1076 1100 operarii
1088 1090 1094 1099 ἱ
1111 998 1190 1077 sunt:

260 1104 464 1203 „postremo
490 1125 606 1202 usque
633 1105 680 1179 ad
702 1107 792 1179 uiros
813 1102 1030 1201 sanguinum
1047 1099 1192 1200 proiece-

204 1234 208 1243 ’
260 1216 384 1298 „runt
451 1201 560 1278 Viros
585 1216 709 1279 autem
737 1203 953 1297 sanguinum
983 1226 1065 1277 non
1096 1200 1188 1277 solun

258 1301 433 1397 „admilia
451 1302 591 1389 caedes,
625 1301 744 1378 sed&
770 1302 935 1397 cogitata
962 1299 1162 1379 consutum

257 1403 442 1500 „sequitur
457 1402 574 1476 enim:
599 1402 676 1498 quio
695 1413 909 1500 captaverunt
934 1403 1183 1485 animantium

257 1502 354 1596 „iia
379 1514 525 1599 captata
542 1500 591 1576 est
615 1502 738 1577 anima
759 1501 877 1577 David
893 1513 984 1575 cnm
1004 1502 1056 1575 ad
1073 1496 1181 1575 interi·

259 1601 456 1696 „ciendum
478 1602 588 1676 domo
605 1600 747 1676 clausus
765 1600 824 1674 est.
885 1598 1033 1677 Verum
1052 1623 1136 1676 cum
1152 1596 1188 1673 la·

260 1716 438 1799 „quatur:
471 1726 570 1795 aeque
585 1703 740 1798 iniquitas
757 1724 827 1773 meu
842 1724 944 1794 neque
959 1712 1132 1797 peecatum
1142 1724 1182 1773 ar·

161 1870 166 1881 .
260 1828 365 1894 „um,
383 1802 455 1899 stne
472 1801 642 1896 iniquitute
657 1803 787 1875 cucurri
809 1798 850 1876 ὅ
865 1799 1003 1885 direxi,
1035 1820 1122 1897 quae
1135 1817 1184 1873 ror

260 1901 459 1994 „humanae
483 1899 726 1977 conscientiae.
742 1924 816 1973 non
842 1898 1054 1987 convenit,
1087 1898 1184 1975 videi·

262 2021 374 2095 „mus
398 2024 445 2074 ne
468 1997 563 2074 forte
589 1998 668 2096 ejus
690 1998 845 2095 querelis
862 1998 922 2072 hic
943 1996 1186 2095 abuegataedc

261 2098 327 2194 „se
346 2099 548 2196 iniquitatis
564 2111 749 2196 competat
762 2099 897 2184 sermo,
927 2096 994 2194 qui
1015 2110 1187 2195 peccatum

236 2192 242 2203 '
263 2224 366 2292 „nou
383 2197 493 2284 fecit,
528 2197 566 2274 dc
590 2197 822 2296 conqueritur
840 2207 1030 2295 captatam
1046 2199 1188 2275 animm

261 2298 412 2391 „snam
429 2296 468 2372 dc
484 2296 618 2372 irruiffe
637 2298 674 2372 in
692 2298 726 2372 se
744 2300 869 2372 fortes.
917 2296 993 2371 Hic
1009 2296 1112 2372 solus
1126 2316 1187 2373 cnr·

265 2419 377 2490 „rens
398 2397 550 2482 dixerit,
587 2398 648 2493 qui
672 2398 893 2472 infirmitatis
908 2397 1045 2473 nostrae
1061 2396 1191 2473 humili·

265 2509 371 2588 „tute
396 2495 554 2594 suscepta
572 2497 726 2593 egressus
743 2498 855 2580 coelos
875 2496 1117 2591 regress‘usad
1132 2518 1191 2571 coe·

163 2606 166 2611 ’
262 2596 362 2689 „los,
378 2595 608 2672 &revehens
624 2621 691 2671 nos
710 2598 827 2671 secum
845 2595 1113 2695 oblatumsque
1125 2596 1190 2673 Deo

258 2719 425 2797 „munus
444 2710 612 2794 precatus
632 2695 699 2771 est:
725 2696 868 2794 Exurge
883 2699 918 2770 in
939 2699 1111 2796 occursum
1126 2694 1191 2772 miii

259 2796 329 2888 „ii
355 2796 428 2870 vide
445 2852 454 2871 .
472 2853 480 2870 .
497 2852 506 2872 .
522 2797 569 2870 od
588 2798 767 2895 oisttundos
786 2821 892 2869 omues
902 2809 1037 2894 gentes,
1065 2811 1108 2875 ut
1126 2794 1186 2870 col·

259 2898 418 2988 „locatae
438 2893 506 2970 fint
522 2920 544 2970 a
561 2896 699 2970 dextris
715 2895 794 2991 ejus
806 2898 845 2970 in
855 2894 1082 2973 coelestibus:
1105 2897 1188 2973 Pm-

197 3006 201 3013 “
256 2996 390 3084 „terita
416 3016 502 3070 vero
525 2993 748 3093 misericordia
771 2992 813 3068 ub
836 2994 1004 3087 oneribus,
1039 2998 1111 3095 'qui
1134 2995 1189 3073 iri·

258 3097 439 3192 ‚prinum
457 3107 653 3194 operantur,
677 3097 865 3171 avertitur.

326 3319 362 3389 3.
389 3292 529 3381 „Porro
548 3314 631 3389 quae
646 3296 684 3372 in
700 3291 925 3391 impietatem
941 3288 1070 3389 populi
1089 3288 1190 3369 edent

258 3391 450 3481 „mansura
466 3393 644 3469 declarat:
659 3417 748 3470 mox
764 3414 921 3489 namque
937 3391 1118 3493 &templi
1134 3392 1189 3469 dc·

258 3491 451 3584 „solatio,.
467 3491 505 3568 ὅ(
534 3493 693 3569 civitatis
720 3491 878 3580 eversro,
925 3490 965 3567 de
988 3492 1085 3589 ipsos
1104 3492 1188 3575 illos

259 3592 479 3688 „captivitas
497 3592 686 3669 consecuta
704 3593 773 3682 est,
800 3591 1013 3689 quinetiam
1030 3616 1128 3669 nunc
1142 3594 1186 3667 in·

258 3691 418 3792 „grellus
435 3693 594 3771 civitatis
616 3693 781 3792 ejusdem
797 3691 912 3781 ediilo
928 3692 1090 3779 Romani
1100 3690 1203 3807 regis¹

579 3858 581 3863 ·
1101 3804 1183 3893 ”„m-
