2414 4350
60 298 65 319 ,
202 214 256 305 Jn
273 146 429 308 *rm
446 214 591 336 Pprm.
610 180 837 333 inanum.
919 226 1005 335 605
1163 210 1169 221 “

65 406 80 443 “·
106 403 255 495 ericum
276 384 487 502 peccatures
504 405 543 480 in
563 403 736 501 sanguine
752 403 839 491 sint,
873 417 1004 503 utpote

111 506 147 581 ei
178 505 412 600 sanguinum,
446 527 578 580 munus
597 505 661 580 ille
690 506 738 580 ab
766 507 866 587 omni
898 523 1025 585 reatu·

155 607 275 701 guinis
290 604 437 680 ablutas
451 605 673 693 continebit,
697 603 758 679 sed
774 628 906 682 manus
922 606 1004 685 suun

131 718 241 781 vante
254 703 346 803 justo
362 717 474 801 atque
490 702 663 792 laetante,
704 704 789 780 dicet
811 706 925 790 bomo,
958 735 1003 785 arr

42 802 89 897 ,’
177 828 215 880 ur
238 806 301 879 erit
324 798 447 904 justo?
484 801 523 881 &
546 805 673 901 utique
692 821 779 881 ‘eum
806 804 874 880 eise
897 808 1001 898 dicit,
1153 832 1157 837 ·

115 905 175 980 uia
192 903 284 978 Deus
291 904 339 1002 fit
354 908 389 978 iu
404 916 496 979 terra
508 928 561 980 eos
568 903 747 1003 judicans,
769 903 862 1002 justo
877 919 1002 985 tumen

182 1004 341 1078 interris
354 1002 537 1100 judicato,
570 1005 766 1080 secundum
790 1005 903 1081 iilud:
937 1009 1000 1104 qui
1057 1020 1061 1031 '

42 1102 206 1197 iuuerit
223 1103 355 1189 inme,
382 1127 456 1178 non
467 1100 653 1201 judicatur
668 1100 780 1208 ρῗοαη.
800 1130 833 1201 5.
855 1108 917 1201 qui
934 1130 1001 1185 au·

48 1182 166 1293 {tem
182 1202 404 1292 nonerunt,
428 1201 503 1300 iam
515 1202 700 1302 judicatus
715 1203 775 1281 est.
828 1203 925 1282 Cum
941 1229 998 1282 er·
1038 1262 1041 1267 ·

51 1324 83 1395 ι,
112 1329 138 1379 ο
158 1301 298 1377 santius
323 1327 396 1377 non
410 1301 629 1400 judicandus
652 1302 715 1389 fit,
746 1304 808 1401 qui
827 1305 865 1381 in
880 1307 997 1385 vitam

44 1326 131 1495 ’μετ
147 1400 361 1478 transiturus
374 1427 422 1476 ex
445 1416 586 1491 morte,
616 1402 654 1480 δι
676 1403 833 1480 infidelis
845 1404 920 1503 jum
937 1406 995 1506 ju·

41 1494 230 1603 kdicatus
251 1504 298 1576 ud
313 1525 460 1600 poenam
477 1501 540 1594 srt,
573 1502 788 1598 intelligitur
806 1505 844 1580 in
861 1530 926 1581 eos
937 1531 995 1583 re·
1096 1554 1099 1565 ·
1156 1542 1159 1547 ·

41 1604 227 1701 ¹uliquum
244 1602 312 1676 eiie
324 1601 522 1698 judicium,
556 1605 619 1699 qui
632 1625 698 1700 pro
713 1603 889 1698 gestorum
904 1631 993 1706 qua·

40 1704 192 1799 *litate
220 1703 314 1775 inter
344 1714 494 1796 peccatu
516 1701 698 1798 fidemque
720 1703 790 1778 srnt
807 1703 995 1801 judicandi

40 1822 71 1895 ἢ
130 1825 148 1877 r
167 1803 211 1876 D.
228 1801 274 1876 N.
290 1801 406 1900 Jesum
424 1801 617 1891 Christum,
643 1803 705 1898 qui
721 1803 770 1879 est
787 1804 996 1884 benediitus

40 1946 57 1993 ι
137 1900 269 1980 saeculr
283 1900 508 1980 saecuiorum.
525 1901 659 1978 Amen.

336 2097 515 2216 Psaimus
540 2095 715 2190 LVIII.

40 2256 111 2359 In
121 2257 254 2377 finem
272 2255 321 2346 ne
333 2261 523 2380 disperdas
537 2260 677 2351 David
691 2270 733 2347 m
752 2229 1009 2376 tiruiiscrip·.

58 2402 189 2490 riom,
229 2399 361 2496 quando
385 2400 470 2498 misti
494 2395 580 2475 Saul
591 2453 601 2487 ‚
643 2399 684 2477 ἔθ’
714 2399 883 2498 custodiuit
907 2403 969 2474 du·

226 2532 320 2613 imum
341 2525 430 2621 ejus,
463 2531 499 2596 ui
515 2522 707 2620 interficeret
731 2547 813 2595 eum.

55 2730 91 2787 ι.
118 2704 305 2840 „David
321 2717 363 2780 ut
380 2706 557 2802 propheta
580 2701 745 2800 paffionis
762 2728 835 2779 non
852 2701 993 2778 nescius
1004 2713 1120 2802 Scopas

247 2805 336 2893 „iub
368 2805 554 2879 occasione
583 2828 627 2878 uc
653 2819 817 2900 tempore
849 2799 1124 2891 eorumfflsaimi·

56 2925 169 3004 ,upuae
184 2905 451 3002 perpetiebatur
468 2904 648 2988 odiorum,
662 2904 699 2978 δι
714 2903 886 3002 patiendo
905 2904 993 2976 Pro-

39 3006 233 3105 ··,‚phetam
249 3007 284 3078 ie
300 3005 426 3080 docuit
448 3002 487 3082 iit
503 3003 698 3100 loquendo.
745 3001 995 3118 iraiiavimm

38 3104 434 3301 irrumpitur:
462 3101 994 3298 tirriruiuu

55 3327 188 3395 „mus‚
205 3303 264 3378 sed
280 3306 317 3380 δι
336 3304 470 3400 quoda
484 3303 574 3380 Saul
590 3303 709 3377 David
722 3301 921 3389 custoditus
940 3299 991 3378 ad

38 3402 372 3492 „interficiendum
397 3403 464 3488 est,
496 3429 572 3478 non
587 3404 710 3478 minus
732 3403 810 3498 ejus
835 3402 876 3477 stt
894 3416 989 3478 tem·

50 3550 75 3593 „
103 3505 208 3590 oris,
241 3526 349 3601 quam
374 3504 472 3600 quod
497 3502 658 3577 Christus
678 3526 701 3578 a
723 3502 858 3599 populo
885 3501 924 3577 iit
948 3502 988 3578 iu

45 3648 75 3691 ‚,
121 3603 308 3678 'erusalem
328 3618 515 3700 tamquam
532 3605 569 3677 in
588 3602 698 3677 domo
714 3602 776 3679 suu
796 3600 988 3677 conclusus

44 3703 117 3799 „it
135 3703 334 3782 custoditus
361 3702 403 3779 iit
421 3703 471 3780 ad
487 3714 656 3779 mortem.
747 3717 752 3723 ·

794 3824 830 3881 2·
854 3796 988 3899 „Eripe
