2414 4350
273 222 831 377 SemcILueDitaeuimt·
878 242 887 261 ⁸
934 252 990 351 ¹7
1097 358 1101 371 ἡ

66 417 205 528 „munt
226 394 364 504 Nomii
385 435 426 501 tu
440 424 513 524 ipse
526 425 572 501 ad
587 444 739 502 examen
756 423 880 500 venias
899 423 988 499 duo·
1007 374 1072 505 [esic
1093 436 1118 524 ji

65 550 175 618 „mm
191 526 322 616 horum
337 524 608 613 mandatorum,
632 523 845 620 cognosces,
868 522 988 602 iihtcc
1001 520 1118 611 mpod

65 625 197 721 „indta
224 625 333 700 edent
358 624 396 699 in
416 625 598 700 mentibus
618 623 848 700 &cordibus
870 622 987 698 homi·

65 749 202 818 „num‚
225 746 292 797 nec
308 722 462 819 iegenec
478 722 667 821 Prophetis
681 723 902 817 indigerent,
924 745 987 797 eo·

64 824 194 920 „quod
211 821 359 921 iexjuflo
379 845 444 895 non
456 825 497 921 esi
508 824 635 920 postia,
652 819 715 920 scd
729 823 861 921 injustis.
881 848 913 898 1.
928 821 987 897 u·

64 935 170 1014 „mot
185 948 216 997 1.
268 922 330 997 Sic
352 919 558 1009 Abraham,
580 921 638 996 cui
657 921 718 995 lex
733 945 805 996 non
819 928 897 997 eret
921 942 985 1016 po·
1051 1010 1055 1025 ι

62 1019 178 1113 ,.s1ta‚
198 1018 349 1095 ostendit
367 1019 405 1094 in
419 1017 602 1117 semetipso
622 1041 730 1115 opera
747 1019 838 1115 legis
852 1018 891 1096 dc
905 1018 986 1116 eju:

61 1118 233 1219 „iustitiae
248 1118 409 1199 ueritatis
425 1140 514 1215 opus
537 1142 611 1193 non
631 1118 706 1195 ,fuit
727 1118 818 1213 le'ge.
869 1119 924 1192 lta
946 1118 987 1196 dc
1062 1144 1064 1149 ·

62 1219 191 1310 „isaac
206 1216 246 1292 ὅ(
262 1216 373 1316 Jacob
389 1218 522 1296 neceiie
537 1216 698 1305 nonfuit,
714 1229 756 1293 ut
768 1218 829 1291 lex
844 1213 988 1309 justitiae

60 1317 255 1408 „veritatis
280 1329 499 1412 poneretur,
531 1315 620 1392 sicut
648 1341 716 1391 nec
736 1315 885 1413 joseph,
918 1338 986 1391 nec

60 1414 228 1512 „Moysrz
245 1414 411 1495 omnibus
421 1416 516 1490 enim
526 1413 986 1512 his,¹,quiostenderuntinse

61 1511 765 1611 „ipsisoperalegis&justitiaeveritatis,
782 1511 985 1610 noncstpo·
1014 1548 1018 1559 ¹

63 1612 238 1713 „iitoieu²
254 1612 338 1721 quia
352 1609 414 1721 ipii
430 1632 558 1698 revera
571 1614 715 1699 fuerunt
733 1601 799 1711 loir
813 1612 876 1691 fibi
886 1609 980 1721 ipsis.

131 1836 176 1893 2.-
225 1809 324 1896 „Sed
344 1832 426 1905 cum
447 1809 664 1889 aduenissent
686 1823 850 1909 tempora
872 1811 984 1907 legis,
1000 1812 1118 1901 [zuph

59 1907 386 2006 „superadditailla
401 1908 471 1993 fuit
482 1923 626 2009 propter
632 1910 985 2006 praevaricationem,
1002 1898 1084 1975 δαί*
1099 1950 1105 1973 ‹

58 2007 125 2098 „dr
158 2009 305 2105 quidem
336 2030 409 2081 non
433 2022 577 2105 propter
598 2008 771 2107 justitiam
799 2005 984 2098 vetitam,
1092 2028 1095 2039 '

58 2106 147 2198 „sed
165 2119 309 2205 propter
325 2107 551 2184 vocationem
576 2113 758 2205 gentium:
782 2108 866 2204 quia
883 2106 985 2209 prior
1047 2186 1049 2191 .

57 2228 197 2301 „quum
222 2205 305 2280 edet
324 2205 407 2294 lex,
429 2204 667 2303 futuritio,
693 2208 754 2282 lex
776 2219 898 2287 autem
919 2208 985 2288 du·

57 2318 125 2396 „ta
142 2305 192 2379 est
209 2316 394 2401 tamquam
413 2306 531 2382 custos
548 2307 585 2382 dt
602 2307 843 2403 poedagogus,
869 2303 984 2382 donec

59 2406 228 2494 „veniret
253 2404 398 2493 semen,
440 2405 477 2480 in
505 2429 576 2505 quo
605 2406 860 2485 benedicendae
884 2415 986 2479 erant

57 2526 215 2595 „onmes
240 2516 376 2598 gentes,
428 2504 533 2596 Quod
550 2524 633 2580 cum
650 2504 813 2586 advenit,
837 2503 988 2597 abroga-

58 2602 139 2697 „vit
159 2599 421 2687 observantias,
447 2624 531 2699 quae
551 2615 653 2687 erant
669 2602 829 2696 exlege,
854 2601 989 2698 &ple-

58 2723 134 2791 ,ωε
156 2698 296 2798 impleti
315 2699 395 2782 sunt
412 2700 473 2775 lex
491 2701 530 2779 dc
552 2702 750 2797 Prophetae
762 2702 800 2776 in
818 2698 876 2775 his
898 2701 988 2783 duo·

59 2801 157 2890 „bus
171 2798 372 2882 mundatis,
393 2800 438 2893 de
461 2822 535 2898 quo
554 2801 730 2877 Dominus
753 2798 898 2880 locutus
917 2797 987 2887 est,
1059 2853 1062 2857 -

58 2899 177 2993 „quia
197 2898 335 2997 accepit
351 2897 519 2993 legem&
541 2900 761 2997 Prophetas,
783 2897 821 2974 dr
841 2896 988 2974 conclu·

58 2996 131 3089 „ht
151 3019 215 3074 eos
238 2996 276 3070 in
293 2996 434 3073 duobus
453 2999 657 3085 mandatis,
690 2996 729 3077 δι
749 2994 840 3071 nihil
859 3018 906 3069 ex
933 2995 986 3070 eis
1100 3002 1103 3009 '

60 3097 297 3193 „abrogarim
324 3098 455 3193 quippe
485 3088 595 3174 orhne
626 3096 723 3194 quod
748 3093 987 3191 scriptumest

57 3196 125 3289 „in
144 3193 246 3289 lege,
279 3193 341 3270 sub
358 3196 428 3270 hoc
444 3199 554 3274 uerbo
572 3194 903 3294 comprehenditur:
934 3193 989 3267 di·

57 3295 174 3391 „liges
190 3291 368 3369 Dominum
389 3294 457 3373 &c
511 3297 657 3374 Etenim
677 3317 783 3373 omne
801 3313 891 3388 opus
903 3291 988 3365 ideo

59 3391 295 3484 „faciendum
316 3393 353 3471 in
370 3393 450 3487 lege
463 3408 561 3483 erat,
593 3407 634 3470 ut
649 3393 859 3469 accederent
875 3390 921 3465 ad
935 3390 988 3471 ti·

59 3491 273 3589 „iigendum
294 3489 488 3566 Dominum
497 3495 614 3569 Deum
627 3492 748 3578 suum,
774 3490 811 3565 dc
827 3505 869 3566 ut
878 3512 989 3564 unus·

62 3591 243 3685 „quisque
262 3588 426 3682 diligeret
442 3593 646 3689 proximum
659 3592 776 3668 carnis
800 3591 871 3666 suae
894 3602 987 3663 tam·

64 3709 203 3796 „quam
220 3688 454 3788 semetipsum.

282 3919 286 3939 .
426 3902 429 3907 .
484 3785 569 3897 Μ
835 3811 867 3883 3.
894 3781 994 3878 „Sed
