2414 4350
11 282 15 291 ·
163 258 165 262 ’
226 245 313 333 610
442 235 487 333 S.
500 237 659 330 Hilarii
677 236 761 356 Ep.
782 236 948 329 Pic'iav.

131 420 135 427 ’
230 429 339 524 ;,haec
365 426 512 525 quidem
529 450 603 502 non
627 428 745 523 magis
762 424 810 502 ad
827 424 958 513 Israel,
995 423 1171 523 quemad

230 527 528 622 „uniuersitatem
548 526 711 602 humani
742 525 886 622 generis
914 534 1045 623 aptata
1074 525 1170 614 sunt,

178 708 181 729 ⁸
232 629 346 726 „quia
362 651 409 702 ex
424 651 498 702 uno
512 627 550 702 in
564 649 693 702 omnes
710 624 884 701 sententia
905 624 1054 710 mortis,
1080 643 1171 699 uum

234 739 386 820 „autem
407 747 471 824 per
492 748 605 801 unum
629 727 668 801 iu
687 744 817 800 omnes
837 726 979 801 donum
1008 724 1099 800 vitae
1118 721 1170 821 ju·

233 825 483 920 „sificatiouis
515 825 637 919 gratia-
661 824 890 912 abundavit,
942 836 989 899 ut
1021 845 1170 921 quorum

233 941 358 1017 „terra
382 924 577 1009 malediiia
604 920 682 1012 est,
727 924 860 1000 horum
890 946 993 999 nuuc
1032 922 1169 997 confor-

234 1026 339 1119 „mia
362 1047 511 1120 corpora
531 1024 610 1098 Deo
635 1021 724 1107 sint,
747 1024 786 1099 dt
809 1042 894 1121 quae
916 1036 1088 1099 commoto
1101 1044 1169 1097 me·

139 1172 140 1177 =
235 1137 327 1218 „tu,
360 1122 398 1200 ἀ
424 1114 650 1220 ignosatione
671 1120 808 1198 turbato
834 1121 904 1208 est,
947 1121 1171 1198 labore'·-coa·'

233 1224 346 1318 „trito
374 1222 442 1309 est,
485 1221 523 1298 dr
549 1221 623 1323 ipso
648 1222 713 1313 illo
738 1220 961 1298 laetificantis
987 1224 1061 1296 uini
1090 1246 1167 1315 cora·

234 1322 379 1423 „puniio
419 1334 534 1420 potu;
584 1344 681 1397 nunc
716 1321 886 1420 susceptae
910 1320 1167 1421 fignificorr‘oair

234 1421 385 1515 „secura
409 1423 543 1498 virtute
576 1419 710 1497 suturae
732 1421 796 1496 irae
828 1420 996 1514 defugiat
1021 1419 1167 1519 potesta·

92 1576 94 1581 -
233 1532 351 1615 „tem
427 1519 648 1595 fiscanensibus
676 1521 787 1617 igitur
810 1520 1096 1635 fignificotr'onem
1119 1517 1167 1595 ves

233 1619 351 1716 „signi
374 1619 413 1695 iu
434 1618 627 1707 frontibus,
653 1619 713 1695 vei
738 1618 822 1695 fida
838 1639 886 1696 ru
900 1620 1095 1708 cordibus,
1118 1616 1166 1695 vel
1206 1667 1207 1686 ,

232 1719 454 1812 „testimonii
476 1719 515 1795 iu
537 1719 726 1817 operibus,
747 1714 806 1796 vel
827 1717 957 1816 gloriae
980 1719 1020 1795 iu
1039 1716 1166 1797 conses·
1206 1724 1207 1775 i

75 1856 79 1871 ·
232 1816 448 1911 „sronibu8,
490 1817 550 1893 vel
574 1817 732 1895 vistoriae
755 1820 795 1896 in
819 1817 1043 1915 martyriis,
1087 1834 1166 1897 uta

231 1921 346 2017 ,fictir
368 1924 465 1993 or‘cnr
487 1918 624 2016 imque
640 1919 821 2015 fiagiorar,
846 1916 905 1995 his
923 1939 1019 2014 ergo
1046 1918 1167 2019 spebur

136 2018 140 2049 ¹
231 2015 473 2111 „universitas
495 2015 657 2092 fidelium
681 2016 843 2102 exultat,
879 2017 917 2092 id
951 2019 1057 2095 enim
1085 2038 1167 2094 mox

231 2114 455 2214 „diapsalma
486 2116 749 2193 interveniente
787 2114 967 2191 declarat:
1016 2128 1059 2192 at
1090 2114 1165 2191 iibr-

232 2229 372 2306 „reniar
400 2214 507 2290 dileat
540 2217 612 2302 ini,
651 2215 752 2313 solva
783 2215 919 2307 dextno
949 2226 1010 2290 trra
1042 2216 1086 2295 U
1112 2240 1168 2290 ea·

198 2315 342 2409 ,nudi
374 2340 450 2400 me,
489 2313 666 2389 liberandi
696 2337 781 2411 ergo
813 2313 933 2390 diteffl
965 2337 988 2389 a
1014 2314 1166 2412 potesta·

230 2426 297 2504 „te
336 2412 565 2491 tenebrarum
604 2412 835 2512 salvandique
871 2435 935 2511 per
967 2412 1041 2490 Dei
1081 2413 1168 2490 dex·

230 2524 375 2604 „teram
398 2508 490 2589 sunt.
542 2512 616 2588 Sed
640 2513 764 2591 salutis
788 2510 897 2607 hujus
921 2511 970 2588 ad
993 2513 1085 2590 fidei
1110 2512 1166 2587 fir·

199 2623 204 2635 ·
229 2612 425 2728 „mitatem
456 2610 634 2690 noscenda
665 2612 714 2689 esi
744 2614 960 2723 prophetia,
1009 2612 1166 2713 sequitur

229 2733 376 2804 „eutmr
755 2728 768 2747 '³

54 2906 173 2973 afarano
305 2936 341 3007 3.
369 2903 488 2997 „Deus
503 2906 555 3087 oqi
578 2910 702 2985 iocatur
726 2909 890 3014 r'n'saniio
906 2908 992 3008 suo,
1030 2906 1162 2987 ranan

34 3016 87 3093 ,12³
99 3001 194 3062 tim·
232 3006 297 3101 „dt
329 3007 478 3097 dividam
531 3010 681 3084 iciimam
709 3009 776 3087 &a
820 3011 967 3086 locutus
992 3008 1099 3089 Deua
1129 3010 1164 3087 io

230 3107 390 3201 „Sansto
415 3106 509 3184 Filio
530 3107 593 3183 suo
614 3110 652 3183 in
675 3110 847 3207 principio
870 3109 1047 3189 sermonis
1066 3106 1164 3186 exul·

231 3220 314 3300 „tat
340 3208 380 3284 iu
403 3206 565 3284 Sichima
589 3207 649 3283 seu
667 3209 832 3284 Samaria
851 3208 1061 3306 partienda,
1084 3229 1164 3307 quaa

72 3312 75 3317 “
99 3376 103 3387 Ι
230 3331 343 3401 „cum
368 3306 535 3381 omnibus
554 3320 662 3384 autea
681 3309 782 3404 legis·
794 3308 1019 3407 temporibus
1038 3309 1078 3384 in
1098 3311 1162 3387 im·

232 3409 394 3505 „pietate
420 3405 613 3493 mansisset,
650 3431 694 3481 eo
721 3411 876 3506 primum
902 3408 1085 3485 Dominus
1105 3428 1161 3483 ao·
1197 3420 1199 3429 '

233 3506 394 3599 „cedens
419 3505 529 3581 etiam
554 3505 723 3582 credente
741 3508 970 3583 Samaritana
994 3506 1036 3586 dc
1060 3524 1159 3605 aquae
1195 3592 1199 3613 Ι

30 3660 34 3667 .
235 3607 357 3697 „vivae
390 3617 518 3702 potum
550 3620 719 3701 precante
752 3602 1041 3697 fidemintulit',
1076 3626 1158 3683 mox
1191 3624 1199 3695 ,¹

9 3626 53 3937 k
232 3705 372 3801 „etiam
394 3702 577 3805 Apostolic
598 3690 708 3784 sideru
731 3707 1016 3807 praedicantibus
1053 3705 1159 3818 parti·

38 3862 48 3869 ·
1007 3882 1016 3895 ..
1044 3890 1048 3895 .
1085 3822 1175 3897 ινφ·
