2414 4350
158 218 160 223 ”
268 202 352 378 sm
450 256 797 377 nuruum,
815 256 975 351 noan.

265 449 361 544 „esse
385 472 457 531 non
484 449 666 545 ambigat,
698 445 737 524 di
760 446 934 544 fiquando
953 445 1084 546 injuste
1108 468 1190 525 mot·

265 551 341 642 „tis
357 550 412 625 vis
429 547 597 633 affertur,
624 548 862 624 excedentem
886 547 1104 625 habitaculo
1129 568 1190 622 eor·

266 649 391 745 „poris
409 651 568 724 animam
583 646 669 723 sciat
685 648 723 725 in
735 647 805 723 Dei
822 646 1051 745 susceptione
1068 647 1191 745 requie·

267 750 414 841 „scerez
457 748 591 824 habeat
617 747 767 824 ultionis
791 768 938 845 qnoque
975 745 1190 823 certissime

267 848 539 941 „securitatem
578 871 662 927 cum
677 847 789 925 'mala
816 848 940 927 omnia
961 849 1004 923 in
1026 868 1118 935 eos,

265 948 471 1041 „inferunt,
497 958 736 1036 revertantur,
757 947 855 1023 mala
870 962 1000 1023 autem
1017 946 1125 1023 Deus
1137 968 1191 1025 nn

267 1047 498 1139 „malevolus
514 1048 671 1132 excitat,
697 1047 756 1138 sed
774 1047 873 1128 ultor
894 1057 1113 1144 retorquet,
1145 1068 1189 1121 ne·

268 1172 365 1244 „que
394 1171 438 1222 en
463 1169 509 1220 ex
533 1147 673 1224 malitia
697 1143 759 1223 sua
778 1144 910 1232 affert,
936 1145 1068 1223 sedin
1082 1146 1205 1223 metit

265 1247 411 1339 ,mostra
433 1250 624 1322 convertit.
685 1246 825 1321 Dehine
842 1245 988 1323 rursum
1014 1247 1070 1323 ad
1097 1242 1185 1343 perst-

268 1371 380 1439 „nam
401 1346 471 1421 Dei
486 1345 528 1424 sit
542 1344 740 1433 conversio,
765 1346 800 1427 in
822 1348 961 1423 veritate
985 1342 1050 1423 tud
1066 1344 1184 1445 defieri

267 1448 390 1540 ‚‚issos:
417 1443 668 1541 disperduntur
689 1459 812 1524 autem
831 1447 869 1523 in
887 1447 1051 1523 veritate
1063 1442 1183 1531 ininsi

265 1572 379 1637 „cum
393 1545 490 1620 sassie
507 1545 655 1621 testibus
671 1547 944 1625 damnationem
953 1544 1104 1623 Christo
1115 1566 1182 1621 cm·
1205 1559 1206 1568 ’

268 1660 465 1744 „parantes
481 1644 704 1720 resurrexisse
720 1668 743 1721 a
760 1645 916 1721 mortuis
928 1668 1019 1722 eum
1040 1644 1183 1731 audiun,

268 1745 333 1837 „dr
357 1747 395 1822 in
418 1746 488 1833 Dei
504 1748 657 1823 veritate
680 1744 834 1842 gloriam
863 1744 966 1821 sunm
987 1740 1184 1843 resumpsi

266 1846 536 1943 „cognoscunt,
570 1868 657 1919 nam
685 1843 805 1942 postea
828 1846 876 1922 ob
901 1866 1055 1939 poenam
1080 1842 1185 1935 Deiir

217 2018 222 2043 ,
267 1968 441 2038 „crucem
460 1944 529 2026 aui
547 1944 645 2024 fame
660 1968 703 2022 ac
725 1943 823 2027 besso
847 1943 1033 2043 absumpti
1062 1960 1188 2123 aig.-

266 2047 362 2138 „diti
385 2044 474 2122 sunt.
526 2044 634 2135 Quod
651 2057 775 2123 antem
800 2043 838 2122 dr
856 2044 894 2122 in
915 2067 1070 2122 erucem

267 2146 533 2241 „Unigenitum
557 2143 626 2219 Dei
650 2142 783 2223 Filium
812 2144 1088 2242 praedicamus,
1131 2156 1189 2223 nur

268 2270 343 2338 „ex
364 2258 504 2322 naturae
528 2240 733 2321 necessitate
755 2246 898 2340 potius,
928 2264 1046 2342 quarn
1072 2264 1121 2321 ex
1139 2242 1190 2319 Sr-

266 2356 480 2436 „eramento
501 2345 672 2418 humanae
687 2343 812 2420 salutis
828 2343 974 2441 passioni
999 2342 1104 2421 fuisse
1122 2342 1188 2419 sub·

265 2445 393 2536 „ditus
415 2445 674 2537 intelligendus
699 2442 770 2530 est,
791 2443 829 2523 dt
853 2442 1003 2521 voluisse
1026 2441 1193 2539 se=mngin

265 2542 439 2642 „passioni
473 2542 620 2640 subjici,
674 2565 783 2645 quam
814 2542 1001 2630 onustum,
1046 2543 1081 2623 se
1107 2544 1193 2619 uitur

264 2646 418 2738 ‚,enim:
469 2644 653 2720 voluntarie
690 2642 894 2743 sacrificabo
934 2641 1008 2719 tisri.
1128 2642 1193 2737 egis

265 2744 462 2837 „sacrificia
479 2768 551 2817 non
569 2744 704 2817 habent
721 2743 760 2820 in
782 2743 817 2817 se
840 2743 1046 2822 voluntatis
1071 2741 1152 2842 pros
1165 2738 1190 2813 s·

266 2844 450 2935 „s10nem.
472 2845 557 2937 quia
574 2841 758 2922 maledidi
783 2844 957 2921 sententia
982 2845 1133 2919 decreta
1150 2836 1193 2917 est

265 2945 411 3040 „legem
429 2944 672 3024 violantibus,
705 2965 728 3017 a
751 2963 823 3037 quo
841 2941 1038 3019 maledisto
1062 2966 1132 3019 nos
1153 2939 1192 3017 D.

262 3044 336 3136 „N.
355 3042 454 3144 Jesus
464 3041 625 3117 Christus
639 3042 777 3117 exemit
792 3042 943 3120 hostiam
961 3042 1195 3139 seipsumDeo

261 3144 390 3235 „Patri
418 3141 622 3217 voluntarie
648 3139 854 3229 offerendo,
893 3158 933 3217 ut
961 3166 1026 3239 per
1051 3142 1196 3218 hostiam

262 3241 530 3333 „voluntariam
550 3240 795 3324 maledistum.
822 3244 919 3337 quod
935 3244 982 3317 ob
997 3241 1129 3321 hostire.
1140 3264 1195 3319 ue·

262 3342 445 3435 „cessarie
470 3341 508 3417 dt
532 3339 738 3416 intermissae
759 3355 902 3417 reatum
926 3356 1007 3417 erat
1035 3343 1196 3417 additum

262 3442 496 3531 „solveretur
549 3440 604 3516 Ob
622 3461 707 3537 qnae
723 3443 848 3532 omnia
861 3444 913 3518 ita
938 3441 1037 3537 gesta
1053 3442 1194 3519 laudem

263 3543 370 3632 „Deo
389 3543 488 3617 Patri
513 3541 642 3616 refert:
701 3537 888 3641 Confisehor
903 3543 1030 3617 nomini
1047 3555 1105 3618 tuo
1128 3538 1192 3615 Do·

264 3644 386 3733 „mine
413 3641 563 3738 quonium
580 3638 696 3715 bouum
721 3643 782 3742 est,
806 3642 959 3736 quoniam
976 3644 1125 3718 exomni
1140 3638 1191 3715 trs

264 3742 452 3839 „iulatione
480 3740 623 3843 rripuijri
653 3763 712 3823 me.
784 3740 960 3821 Reddidit
982 3743 1030 3823 in‘
1055 3738 1190 3945 singpurlg

910 3914 914 3921 ,
1092 3894 1118 3936 o
