2414 4350
253 240 340 350 564
468 232 512 325 S.
526 234 676 323 Hrlnrir'
693 230 775 348 Ep.
798 232 980 324 Pidlavs

254 400 321 513 „nl
346 418 514 519 operibus
540 418 611 496 rurs
637 418 894 517 ratificantur,
915 422 1027 521 star,
1054 364 1177 507 nen

255 520 369 613 „node
384 520 569 597 erudierant
584 546 633 593 mr
657 542 748 597 renes
771 524 855 609 mei,
894 518 1036 596 scillcet
1058 518 1177 595 melini

101 630 104 637 '
254 620 351 712 „elle
373 620 512 717 sperare
538 620 575 694 in
594 619 772 701 Domino.
797 641 906 717 quam
921 622 961 695 in
993 618 1061 695 suo
1082 640 1176 715 opere

253 718 483 817 ‚,jnstilicari‚
522 718 622 816 quod
641 718 686 795 dt
711 717 828 816 ipsum
848 719 1056 796 Dominum
1087 740 1177 793 tener
1206 731 1207 802 l

253 818 333 911 „sni
363 817 460 916 quast
481 818 519 893 in
542 818 644 892 nolte
671 819 898 907 erudierunt,
924 818 1078 916 qnando
1106 842 1178 893 con·
1206 849 1207 890 l

34 947 37 955 ·
120 948 123 953 ’
254 916 418 1011 „tristata
448 917 499 993 ell
531 919 653 993 anima
680 917 764 1014 'ejus
798 942 914 1015 nsque
938 919 987 993 ad
1011 930 1179 1007 mortem,

250 1042 365 1111 „nam
384 1017 580 1094 secundum
601 1018 809 1093 interiorem
833 1018 1025 1103 hominem
1042 1016 1180 1093 consen·

250 1120 393 1211 „tiebat
424 1118 497 1214 legi
528 1117 642 1214 patris
670 1129 722 1192 ut·
746 1130 951 1215 pateretur,
991 1117 1182 1193 secundun

250 1218 498 1310 „exteriorem
518 1230 643 1293 autem
668 1218 706 1291 in
726 1239 833 1293 earne
847 1217 1068 1315 trepidabat.
1119 1218 1182 1293 lta·

250 1341 349 1415 „qne
369 1316 455 1414 quia
469 1337 577 1391 renes
593 1314 727 1391 secreta
739 1317 929 1393 continent
946 1318 1089 1403 earnis,
1110 1338 1183 1413 qna

249 1417 525 1509 „infirmabatur
550 1415 589 1491 in
613 1426 778 1516 ternpore
801 1413 967 1515 paffionis
1002 1417 1181 1499 eruditum

249 1516 313 1609 „se
334 1516 481 1593 renibus
498 1513 572 1591 luis
601 1516 674 1605 alt,
708 1529 750 1592 nt
771 1516 1015 1613 intelligeret,
1051 1516 1182 1615 sperate

249 1620 316 1709 „in
341 1616 462 1692 Deum
511 1611 617 1691 Hebr.
635 1640 668 1711 5.
715 1640 749 1691 v.
771 1630 818 1701 8.,
850 1614 888 1691 dt
915 1629 957 1692 ut
996 1616 1182 1715 provided

248 1716 388 1809 „Deum
411 1740 435 1791 a
455 1714 583 1791 dextris
598 1713 672 1812 suis
684 1712 833 1812 semper,
864 1726 900 1791 ui
918 1740 986 1789 nort
1003 1728 1180 1807 moventur,

248 1815 412 1909 „scilicet
426 1815 473 1891 de
489 1815 699 1899 voluntate,
735 1814 878 1910 spiritus
896 1828 1095 1912 promptus
1117 1814 1180 1903 ed.

227 1915 338 2008 „led
361 1934 445 1991 caro
469 1912 639 2000 infirma,
671 1912 764 1989 dixit
789 1925 913 1990 antem
940 1913 1181 1993 eruditumlt

114 2090 117 2095 ,
247 2012 374 2112 „quast
398 2014 436 2089 in
461 2012 586 2099 node,
618 2014 815 2088 nonenim
844 2012 991 2111 penitus
1015 2029 1180 2091 content·

248 2113 368 2205 „breti
385 2110 466 2189 lunt
482 2111 600 2188 sensus
618 2110 696 2207 ejus
708 2111 754 2186 de
764 2113 895 2189 timore
906 2114 1051 2190 mortis.
1092 2112 1178 2203 Quid

245 2225 398 2306 ‚autem
414 2232 519 2287 renes
534 2210 772 2288 erudierunt?
803 2211 937 2287 scilicet
951 2213 1054 2309 quod
1070 2212 1177 2310 seqni-

245 2325 350 2404 „turr
377 2322 421 2387 ut
427 2311 617 2410 provideret
631 2310 739 2385 Deum
751 2314 787 2386 in
804 2311 964 2410 conspeetu
974 2312 1041 2410 sno
1059 2314 1177 2413 semper

245 2413 351 2507 „quia
379 2433 401 2485 a
425 2409 553 2486 dextris
578 2415 647 2507 ejus
678 2414 744 2509 est,
786 2410 982 2487 ascendens
1014 2412 1174 2497 enimin

243 2510 405 2603 „coelum
429 2510 466 2585 in
495 2508 633 2585 dextris
666 2509 785 2584 Patris
811 2509 925 2585 fastus
956 2509 1029 2594 est.
1061 2512 1175 2609 quiin

243 2624 435 2706 „tempore
455 2606 620 2706 paffionis
647 2607 873 2705 flagellorum
893 2610 1054 2687 ludibria
1071 2612 1111 2689 dr
1128 2632 1174 2687 rr·

242 2710 370 2805 „liqua
397 2707 575 2806 perpessus
590 2710 628 2784 in
652 2706 785 2785 sinistra
812 2709 880 2783 Dei
908 2708 1007 2805 quast
1031 2710 1170 2808 pofitnr.

243 2808 456 2907 „postquam
472 2805 662 2883 resurrexit
674 2807 711 2883 dt
722 2807 881 2885 aseendit
896 2810 933 2884 in
951 2810 1092 2887 eaelum
1107 2830 1169 2910 per·

242 2908 420 3003 „veniens
437 2905 485 2982 ad
506 2906 673 2982 dextram
691 2907 739 2982 ad
756 2908 915 3004 palmam
931 2905 1103 3003 justitiae,
1134 2906 1173 2987 ad

242 3008 448 3104 „gloriam
495 3007 542 3079 ad
579 3006 808 3083 nobilitatem
841 3007 1013 3101 impletur
1051 3010 1172 3085 laetitit

239 3129 353 3200 „cum
377 3106 482 3182 vultu
497 3105 590 3192 Dei,
616 3104 653 3180 &
672 3107 782 3187 habet
800 3106 1022 3182 deleiiniinrrer
1047 3112 1085 3184 in
1100 3111 1173 3185 dex·

240 3218 338 3299 „iera
353 3210 442 3303 eius,
476 3205 524 3280 ad
540 3227 632 3301 quas
656 3228 723 3295 nos
756 3206 813 3300 spe
838 3207 1053 3299 cohortatur
1079 3208 1173 3305 Apo·

239 3305 377 3397 „stolus
399 3304 544 3381 dicens:
578 3305 736 3399 quianon
753 3304 1012 3403 sunrcondignae
1030 3308 1171 3407 preser-

238 3406 310 3498 „tir
332 3404 486 3502 temporis
497 3405 655 3504 paffiones
669 3405 715 3477 nd
728 3405 789 3478 trra
804 3418 939 3479 venturo
963 3404 1074 3493 bona,
1106 3426 1172 3503 qna

239 3504 497 3603 „adaperientur
512 3503 547 3579 in
564 3500 657 3578 nobis
693 3502 787 3577 Rom.
808 3519 840 3589 8.
900 3505 1053 3602 Propter
1077 3506 1170 3603 quod

179 3641 181 3645 ⁴
237 3601 304 3695 „dt
329 3625 396 3677 nos
416 3601 590 3680 libentius
606 3603 643 3677 in
659 3601 930 3677 infirmitatibus
950 3604 1081 3680 nostrin
1098 3606 1174 3702 glo·

236 3704 416 3798 ,‚riemur‚
440 3715 500 3778 ‘ut
527 3714 695 3800 protegat
724 3725 793 3779 nos
824 3703 941 3780 virtus
975 3704 1058 3781 Dei.
1128 3704 1175 3781 Et

1049 3824 1172 3899 „nunt
