2414 4350
99 184 121 371 ⁷·
134 206 139 219 ι
154 240 275 371 Liber
289 250 424 331 contro
443 240 733 356 Corrstan'rium.'
821 266 908 358 409

30 424 903 526 errem'rursumadversumphotinumsyrmium
1095 452 1100 459 ·

30 528 189 613 rtholicae
223 529 412 607 dodrinae.
429 542 503 605 tuae
529 551 738 604 commoves
766 550 902 605 curam.
1049 554 1053 573 ²
1143 530 1148 544 '

30 628 71 703 ed
87 630 155 705 tibi
171 628 287 707 statim
306 630 396 715 hoc,
423 629 520 726 quod
545 640 697 725 utraque
722 608 794 702 fide
818 651 905 702 con·
999 694 1000 701 ,

30 728 208 817 uebatur,
249 728 433 803 exhorret.
501 728 650 814 Taceo,
693 749 757 801 cur
787 726 905 806 nostra

30 829 92 903 »od
109 829 274 908 Nicaeam
294 853 315 903 a
335 828 496 926 patribus
513 825 609 924 gesta
621 818 804 914 rescindis,
829 850 905 903 non
1011 900 1019 909 ,
1073 871 1082 897 s

30 924 188 1005 limeum
205 929 262 1003 his
272 927 338 1002 tibi
348 928 535 1003 convenit:
570 926 641 1001 hoc
656 938 798 1002 tantum
816 948 904 1022 que·

30 1040 75 1116 t,
102 1050 166 1104 cur
184 1040 247 1103 tua
263 1021 443 1104 damnas?
468 1026 595 1102 Fidem
607 1027 705 1100 enim
723 1048 846 1111 unam,
864 1023 903 1106 dc

30 1149 111 1209 rum
122 1127 300 1224 baptisma
310 1125 503 1223 slpostolus
513 1124 697 1223 praedicat,
712 1123 788 1222 jam
800 1123 905 1220 quid·

30 1226 82 1304 tid
101 1228 198 1325 apud
214 1239 251 1300 te
279 1238 409 1323 praeter
425 1226 534 1300 sideru
560 1249 671 1305 unam
694 1224 764 1313 eil,
800 1221 906 1320 petru

30 1348 78 1412 a,
104 1351 177 1400 non
195 1325 285 1400 fides
301 1325 371 1402 eu:
400 1349 482 1400 nam
501 1325 562 1421 qui
577 1323 687 1400 fidem
709 1323 925 1399 emendan-x

30 1427 305 1510 ucondemnas,
330 1426 601 1501 damnationem
624 1423 709 1498 fidei
728 1423 805 1497 else*
819 1446 907 1499 con·

30 1522 135 1625 ltuls,
157 1522 244 1599 dum
270 1523 367 1620 apud
391 1538 428 1598 te
456 1524 622 1598 aboletur
645 1545 708 1621 per
733 1521 909 1611 alteram,
986 1588 988 1593 .
1016 1560 1021 1575 ,
1131 1601 1136 1617 Ι

30 1644 83 1705 1ae
100 1645 163 1719 per
184 1623 336 1698 alteram
351 1622 471 1697 rursus
480 1623 664 1704 abolenda
682 1622 746 1697 est..
794 1621 907 1708 Dam-

30 1732 89 1801 ire
104 1721 314 1800 homousion
329 1722 514 1808 decerniS,
547 1720 777 1817 antiquitatis
796 1720 909 1803 sidem

30 1820 192 1919 :pietatis
208 1820 434 1896 securitatem
454 1819 751 1899 anathematizari
767 1819 908 1895 homoe-

30 1919 100 1997 bon
116 1920 161 1997 ab
179 1921 237 1999 his
261 1920 362 2017 ipsrs,
398 1920 573 2016 aquibus
597 1918 805 2018 usurpatum
835 1917 907 2003 es,

30 2019 225 2110 >nstitutus
251 2021 347 2116 quod
364 2020 505 2096 tametsi
529 2017 634 2094 nobis
661 2020 707 2094 ad
726 2017 835 2093 fidem
860 2042 907 2093 n·

30 2119 131 2204 osum
161 2119 231 2210 est,
267 2133 390 2195 tamen
415 2117 698 2196 rescindentibus
723 2117 808 2193 fidei
832 2114 907 2192 suae
1024 2198 1030 2226 Ι

30 2221 184 2299 emnatio
213 2218 272 2296 est.
334 2220 496 2295 Damnas
519 2241 662 2315 quoque
688 2216 726 2297 de
751 2214 907 2292 substan·

30 2340 63 2396 ae
101 2343 261 2403 nornen,
298 2342 369 2414 quo
396 2332 432 2393 te
469 2318 507 2394 dt
531 2317 731 2393 Sardicensr
755 2315 908 2412 Synodu
1030 2346 1033 2350 ·

30 2417 252 2513 :syrmiensi
273 2420 372 2514 pium
403 2418 470 2493 esse
498 2416 783 2492 occidentalibus
806 2440 908 2492 men*
1005 2478 1027 2491 ..

29 2518 166 2598 ebaris.
208 2519 305 2613 quod
333 2533 456 2593 tamen
482 2518 691 2613 prophetica
709 2516 910 2592 authorita-

30 2642 37 2690 ε
68 2615 223 2712 suscepta
258 2618 342 2695 fidei
377 2617 656 2711 intelligentiam
687 2616 909 2703 continebat,

30 2734 121 2793 *mne
138 2717 259 2812 itaque
277 2719 374 2812 quod
393 2719 582 2813 probatum
600 2726 708 2795 antea
726 2712 787 2801 esi,
806 2714 910 2789 dam-

30 2837 90 2895 are
112 2813 245 2912 jubes,
287 2817 384 2912 quod
409 2815 651 2911 improbatum
678 2810 813 2908 semper
838 2813 911 2900 est,

30 2913 209 2992 iustificari
230 2916 429 3011 compellis
482 2914 512 2988 Ο
529 2929 571 2987 tu
588 2912 727 2989 sceleste
743 2913 840 3008 quod
853 2912 910 2986 lu÷

30 3014 162 3091 lbrium
174 3016 225 3099 rle
242 3013 400 3091 Ecclesia
416 3013 524 3090 facis:
555 3013 618 3089 soli
641 3036 749 3089 canes
773 3011 820 3086 ad
847 3034 913 3088 vo-

30 3114 136 3192 ntum
153 3113 252 3190 suum
270 3115 440 3205 redeunt;
473 3130 521 3192 tu·
541 3114 758 3188 Sacerdotes
783 3109 913 3190 Chrilii

30 3211 185 3290 esorbere
209 3238 266 3301 ea,
285 3236 368 3310 quae
388 3226 599 3310 expuerunt,
622 3211 775 3307 coegisti.
808 3210 914 3286 Chri·
1039 3301 1044 3309 ἠ

31 3314 157 3401 ianam
177 3326 214 3387 te
234 3313 414 3410 loqueris,
443 3313 501 3389 sod
519 3334 627 3408 quam
649 3337 723 3388 non
745 3309 810 3399 sm,
842 3310 916 3405 ipse.

30 3412 157 3493 esteris.
186 3415 341 3487 llllandas
356 3413 421 3487 tibi
439 3412 710 3509 subscriptiones
726 3410 918 3497 Afrorum,

30 3513 137 3591 uibus
158 3513 404 3613 blasphemias
422 3512 558 3589 Ursacii
574 3512 611 3588 dr
634 3512 800 3589 Valentis
830 3534 919 3585 cona

30 3626 293 3699 minaverunt..
307 3612 432 3700 reddi,
458 3612 698 3688 renitentibus
716 3609 917 3687 connino..
989 3654 992 3659 -

30 3720 69 3809 la,
87 3712 125 3795 δι
141 3713 359 3821 postremum
374 3711 421 3790 ad
438 3712 659 3808 diripiendos
670 3713 797 3788 mittis.
822 3702 921 3796 Quid

57 3818 59 3822 ¹
445 3810 505 3893 Co
532 3835 553 3907 5
775 3810 919 3902 „exiliis
