2414 4350
10 240 59 437 μ’
238 236 477 377 Soanta.
499 234 807 375 anuntiant.
937 292 994 378 37
1091 362 1093 367 Ι
1187 300 1192 315 .

126 471 163 545 5.
189 447 399 538 „Pmterea
446 446 522 522 noli
568 448 783 529 concredere
824 449 889 525 irae
904 502 907 509 -
923 446 992 524 lin·
1006 474 1130 559 Lingua

57 570 198 645 „guam
214 559 338 637 tuam,
372 547 410 623 oc
437 547 514 624 noli
536 549 678 623 tradere
706 548 841 644 linguae
864 558 1163 640 omuescurtocten·

10 742 12 749 Ι
59 646 339 743 ‚,cogitationes,
364 668 446 744 quae
461 646 658 724 ascendunt
673 647 775 745 super
794 669 858 723 cor
873 663 990 737 tuum,
1004 641 1056 712 15⁰·

10 758 14 833 t
59 744 146 838 „sed
166 748 268 821 intus
281 747 319 821 in
333 748 463 845 horrep
475 747 596 821 cordis
614 748 668 823 tui
684 745 792 845 sepeli
806 770 881 825 eas.
905 747 991 822 Vol·

59 857 193 937 „vatur
221 847 373 920 verbum
403 845 442 920 in
469 847 578 921 corde
603 860 668 923 tuo
691 847 818 922 multis
845 847 992 938 diebus,

60 942 125 1036 „cit
142 943 169 1019 ti
187 945 323 1021 videris
344 945 493 1041 dignum
510 946 596 1030 else,
622 946 725 1021 trade
748 946 839 1021 illud
856 947 992 1042 linguae

58 1054 183 1135 „tuae,
214 1043 265 1121 sru
286 1042 407 1132 secus,
431 1046 606 1120 moriatur
620 1046 658 1121 in
675 1047 784 1120 corde
800 1062 876 1121 tuo.
917 1048 991 1121 Cu·
1053 1104 1056 1109 .

58 1142 175 1234 „stodi
204 1144 365 1239 linguam
399 1160 500 1219 tuam
526 1168 549 1218 a
574 1144 664 1219 falso
683 1145 910 1233 testimonio,
943 1169 989 1220 no

58 1243 264 1333 ,accendas
280 1245 400 1338 ignem
414 1245 452 1317 io
472 1265 603 1339 corpus
628 1260 744 1319 tuum.
793 1243 933 1339 Diligat
948 1243 992 1318 fi·

57 1341 238 1434 ,lentium
253 1342 378 1438 lingua
392 1355 483 1445 tua„
511 1364 582 1438 qua
606 1343 755 1420 vulnera
770 1343 917 1419 Domini
934 1344 990 1419 tui

38 1441 206 1537 ·„lingis.
256 1443 419 1517 &ceant
437 1466 459 1516 a
478 1440 651 1518 discordia
673 1443 770 1518 labia
795 1456 878 1527 tua,
910 1443 989 1539 qui·
1047 1526 1051 1536 ,

62 1540 157 1632 „bus
169 1547 295 1637 regem
312 1540 428 1617 tilium
445 1540 636 1617 oscularis.¹
678 1543 735 1616 Ex
756 1564 818 1618 ore
836 1555 900 1618 tuo
913 1543 991 1617 ina·

20 1716 24 1725 ,
58 1664 130 1731 „ne
153 1640 292 1736 aliquid
318 1664 393 1714 nou
420 1652 556 1728 exeat,
590 1665 637 1716 ne
657 1641 770 1739 ·seiple
803 1642 988 1718 subducat.

55 1740 241 1830 „Amabis
267 1739 533 1824 humilitatem,
559 1742 645 1837 quia
668 1739 791 1816 similis
815 1740 865 1815 est
882 1763 991 1816 muro

56 1838 215 1929 „ferreo
242 1837 595 1935 Sapiensexliogua
620 1838 748 1924 illius,
778 1840 837 1913 cui
861 1862 991 1936 appro-

55 1939 257 2036 „pinquat,
283 1936 391 2034 ipsius
419 1938 658 2035 cogitationes
676 1937 878 2033 cognoscit,
902 1960 992 2033 quo·

54 2039 183 2128 „niam
209 2061 256 2111 ex
274 2037 419 2112 illatum
452 2038 612 2133 reliquiis
630 2037 859 2137 filoquuotur
882 2036 990 2113 labia.

53 2137 161 2227 „Vin
187 2138 322 2211 timens
348 2136 467 2211 Deum
502 2136 578 2211 ·sola
609 2138 705 2212 bona
734 2137 921 2233 loquitur:
954 2134 992 2213 δι
1070 2210 1073 2217 ,
1176 2140 1186 2177 ’

53 2237 230 2332 „quando
253 2235 355 2310 audit
378 2237 528 2312 verbum
558 2237 800 2322 scurrilitatis,
835 2260 908 2310 non
936 2238 992 2310 in·

54 2337 201 2425 „tendit
214 2336 379 2411 auditum
395 2334 496 2410 suum
508 2335 555 2409 ad
571 2336 674 2422 illud,
692 2336 730 2411 δι
749 2336 898 2410 verbum
913 2358 991 2409 ma·

53 2434 160 2525 „lum
180 2459 254 2509 nou
270 2434 428 2530 loquitur
437 2459 479 2508 os
493 2434 583 2530 eiua,
607 2436 780 2530 cogitatio
800 2437 897 2509 enim
913 2432 993 2531 ejus
1076 2495 1079 2499 .

54 2559 161 2625 „non
180 2532 360 2632 concipit,
375 2532 485 2632 'quod
501 2534 743 2611 abominabile
758 2532 818 2609 est.

10 2620 13 2723 l

127 2739 162 2806 ὁ.
191 2728 337 2826 „Dilige
362 2752 448 2827 ergo
464 2732 710 2808 humilitatem
729 2786 739 2817 ,
755 2688 874 2828 cujus
902 2731 992 2809 odor
1004 2715 1164 2782 Adm-

1003 2809 1043 2865 rt'o
1058 2801 1099 2866 ad
1115 2801 1171 2864 han-

54 2829 203 2920 „suavis
222 2828 280 2910 est,
306 2828 344 2904 cic
360 2830 461 2928 sapor
479 2831 606 2907 dulcis.
658 2833 698 2908 Si
716 2832 917 2906 humilibus
934 2855 991 2905 ac·
1005 2886 1169 2952 mium·

55 2930 213 3019 „ciderit
243 2929 383 3002 humile
408 2930 575 3027 aliquid,
614 2957 688 3007 non
712 2932 993 3019 conturbantur,

57 3052 171 3119 „nam
186 3029 224 3104 in
241 3029 354 3123 gradu
379 3026 639 3104 &conditione
665 3029 747 3115 sua,
772 3032 902 3123 inqua
928 3027 994 3131 lla-

57 3131 199 3218 „bunt,
237 3141 472 3223 permanent:
504 3129 563 3204 sed
587 3154 719 3224 magna
747 3130 796 3202 est
821 3126 996 3203 subversio

56 3227 246 3324 „superbi,
275 3227 426 3320 quinon
448 3229 618 3303 humiliat
646 3228 816 3326 seipsum,
851 3227 996 3322 quando
1039 3308 1042 3313 ,

55 3326 225 3414 „hunnlc
253 3324 388 3421 aliquid
421 3329 454 3402 ei
479 3328 638 3403 advenit.
691 3326 813 3402 Amici
846 3327 996 3402 humilis

57 3422 317 3517 „multi·sunt;
350 3426 501 3521 gloriam
530 3426 608 3522 ejus
640 3427 748 3502 multi
780 3426 998 3513 narrabunt,
1067 3480 1070 3485 ι

57 3525 123 3616 „rit
154 3523 233 3620 ejus
255 3524 444 3598 humilitas
473 3527 635 3620 cooperit
657 3524 821 3602 maculas
848 3523 996 3598 deliilo-

58 3638 168 3713 „rum
190 3622 346 3698 suorum.
399 3625 599 3698 Humilitas
624 3627 707 3698 fons
730 3626 829 3719 pacis
855 3623 928 3708 eli,
957 3624 997 3700 δε

58 3723 215 3824 „finguli
245 3745 294 3797 ex
310 3724 436 3820 primis
452 3724 717 3898 illisCPatribus
741 3723 867 3798 nostris
878 3736 997 3896 l:areatat

587 3847 610 3919 3
850 3874 877 3914 ‚,
905 3842 996 3897 umr-
