<?xml version="1.0" encoding="UTF-8"?>
<!DOCTYPE html PUBLIC "-//W3C//DTD XHTML 1.0 Transitional//EN"
    "http://www.w3.org/TR/xhtml1/DTD/xhtml1-transitional.dtd">
<html xmlns="http://www.w3.org/1999/xhtml" xml:lang="en" lang="en">
 <head>
  <title>
</title>
<meta http-equiv="Content-Type" content="text/html;charset=utf-8" />
  <meta name='ocr-system' content='tesseract 3.04.00' />
  <meta name='ocr-capabilities' content='ocr_page ocr_carea ocr_par ocr_line ocrx_word'/>
</head>
<body>
  <div class='ocr_page' id='page_1' title='image "./analysisoperums05schrgoog/analysisoperums05schrgoog_0264.png"; bbox 0 0 2414 4350; ppageno 0'>
   <div class='ocr_carea' id='block_1_1' title="bbox 28 144 1007 527">
    <p class='ocr_par' dir='ltr' id='par_1_1' title="bbox 28 144 1007 527">
     <span class='ocr_line' id='line_1_1' title="bbox 334 144 1007 325; baseline 0.003 -29.269"><span class='ocrx_word' id='word_1_1' title='bbox 334 156 549 325; x_wconf 54' lang='lat' dir='ltr'><strong>erotema</strong></span> <span class='ocrx_word' id='word_1_2' title='bbox 569 144 749 321; x_wconf 74' lang='lat' dir='ltr'><strong>XVirr.</strong></span> <span class='ocrx_word' id='word_1_3' title='bbox 884 230 892 251; x_wconf 47' lang='lat'><strong>·⁷</strong></span> <span class='ocrx_word' id='word_1_4' title='bbox 905 188 1007 323; x_wconf 70' lang='lat'><strong>5247</strong></span> 
     </span>
     <span class='ocr_line' id='line_1_2' title="bbox 28 360 1004 527; baseline 0.005 -63"><span class='ocrx_word' id='word_1_5' title='bbox 28 405 194 527; x_wconf 32' lang='lat' dir='ltr'><strong>*pore</strong></span> <span class='ocrx_word' id='word_1_6' title='bbox 218 360 344 465; x_wconf 58' lang='lat' dir='ltr'><strong>v&#39;erum</strong></span> <span class='ocrx_word' id='word_1_7' title='bbox 364 387 472 488; x_wconf 85' lang='lat' dir='ltr'><strong>srquis</strong></span> <span class='ocrx_word' id='word_1_8' title='bbox 491 387 689 489; x_wconf 75' lang='lat' dir='ltr'><strong>justorest,</strong></span> <span class='ocrx_word' id='word_1_9' title='bbox 711 388 852 468; x_wconf 83' lang='lat' dir='ltr'><strong>coeleste</strong></span> <span class='ocrx_word' id='word_1_10' title='bbox 871 360 1004 491; x_wconf 85' lang='lat' dir='ltr'><strong>corpus</strong></span> 
     </span>
    </p>
   </div>
   <div class='ocr_carea' id='block_1_2' title="bbox 28 484 1145 2571">
    <p class='ocr_par' dir='ltr' id='par_1_2' title="bbox 28 484 1145 2571">
     <span class='ocr_line' id='line_1_3' title="bbox 28 484 1106 589; baseline 0.005 -26"><span class='ocrx_word' id='word_1_11' title='bbox 28 484 268 585; x_wconf 74' lang='lat' dir='ltr'><strong>;·,‚accipiet‚</strong></span> <span class='ocrx_word' id='word_1_12' title='bbox 311 502 355 565; x_wconf 87' lang='lat' dir='ltr'><strong>nt</strong></span> <span class='ocrx_word' id='word_1_13' title='bbox 381 488 484 589; x_wconf 83' lang='lat' dir='ltr'><strong>poffit</strong></span> <span class='ocrx_word' id='word_1_14' title='bbox 511 512 595 567; x_wconf 88' lang='lat' dir='ltr'><strong>cum</strong></span> <span class='ocrx_word' id='word_1_15' title='bbox 619 489 761 589; x_wconf 84' lang='lat' dir='ltr'><strong>angelis</strong></span> <span class='ocrx_word' id='word_1_16' title='bbox 792 492 901 589; x_wconf 86' lang='lat' dir='ltr'><strong>digne</strong></span> <span class='ocrx_word' id='word_1_17' title='bbox 930 515 1003 567; x_wconf 87' lang='lat' dir='ltr'><strong>una</strong></span> <span class='ocrx_word' id='word_1_18' title='bbox 1101 492 1106 503; x_wconf 87' lang='lat'>&#39;</span> 
     </span>
     <span class='ocr_line' id='line_1_4' title="bbox 54 584 1104 711; baseline 0.003 -49"><span class='ocrx_word' id='word_1_19' title='bbox 54 584 250 699; x_wconf 47' lang='lat' dir='ltr'><strong>{persariz</strong></span> <span class='ocrx_word' id='word_1_20' title='bbox 283 584 392 687; x_wconf 80' lang='lat' dir='ltr'><strong>iiquis</strong></span> <span class='ocrx_word' id='word_1_21' title='bbox 421 586 546 666; x_wconf 82' lang='lat' dir='ltr'><strong>autem</strong></span> <span class='ocrx_word' id='word_1_22' title='bbox 572 603 743 688; x_wconf 84' lang='lat' dir='ltr'><strong>peccator</strong></span> <span class='ocrx_word' id='word_1_23' title='bbox 773 590 842 683; x_wconf 83' lang='lat' dir='ltr'><strong>est,</strong></span> <span class='ocrx_word' id='word_1_24' title='bbox 872 613 1004 689; x_wconf 91' lang='lat' dir='ltr'><strong>corpus</strong></span> <span class='ocrx_word' id='word_1_25' title='bbox 1015 624 1104 711; x_wconf 70' lang='lat' dir='ltr'><strong>rges</strong></span> 
     </span>
     <span class='ocr_line' id='line_1_5' title="bbox 28 686 1145 789; baseline 0.004 -26"><span class='ocrx_word' id='word_1_26' title='bbox 28 686 248 789; x_wconf 75' lang='lat' dir='ltr'><strong>.„accipiet</strong></span> <span class='ocrx_word' id='word_1_27' title='bbox 278 694 457 767; x_wconf 78' lang='lat' dir='ltr'><strong>aeternum</strong></span> <span class='ocrx_word' id='word_1_28' title='bbox 496 691 741 787; x_wconf 81' lang='lat' dir='ltr'>perpetiendae</span> <span class='ocrx_word' id='word_1_29' title='bbox 772 705 1003 788; x_wconf 86' lang='lat' dir='ltr'><strong>peccatorum</strong></span> <span class='ocrx_word' id='word_1_30' title='bbox 1014 719 1145 777; x_wconf 71' lang='lat' dir='ltr'><strong>amm</strong></span> 
     </span>
     <span class='ocr_line' id='line_1_6' title="bbox 28 790 1005 889; baseline 0.002 -28"><span class='ocrx_word' id='word_1_31' title='bbox 28 874 31 879; x_wconf 23' lang='lat'>¹</span> <span class='ocrx_word' id='word_1_32' title='bbox 57 808 212 887; x_wconf 79' lang='lat' dir='ltr'><strong>„poenae</strong></span> <span class='ocrx_word' id='word_1_33' title='bbox 229 810 368 889; x_wconf 75' lang='lat' dir='ltr'><strong>capas,</strong></span> <span class='ocrx_word' id='word_1_34' title='bbox 394 790 486 865; x_wconf 91' lang='lat' dir='ltr'><strong>utin</strong></span> <span class='ocrx_word' id='word_1_35' title='bbox 502 791 587 885; x_wconf 86' lang='lat' dir='ltr'>igne</span> <span class='ocrx_word' id='word_1_36' title='bbox 601 806 781 867; x_wconf 80' lang='lat' dir='ltr'><strong>aeternum</strong></span> <span class='ocrx_word' id='word_1_37' title='bbox 798 790 1005 875; x_wconf 81' lang='lat' dir='ltr'><strong>combustus</strong></span> 
     </span>
     <span class='ocr_line' id='line_1_7' title="bbox 30 884 1002 985; baseline 0.004 -24"><span class='ocrx_word' id='word_1_38' title='bbox 30 884 295 983; x_wconf 52' lang='lat' dir='ltr'><strong>&#39;&#39;gnnmquam</strong></span> <span class='ocrx_word' id='word_1_39' title='bbox 334 886 550 971; x_wconf 83' lang='lat' dir='ltr'>absumatur.</span> <span class='ocrx_word' id='word_1_40' title='bbox 593 888 659 985; x_wconf 73' lang='lat' dir='ltr'><strong>¹iit</strong></span> <span class='ocrx_word' id='word_1_41' title='bbox 689 889 821 964; x_wconf 91' lang='lat' dir='ltr'><strong>merito</strong></span> <span class='ocrx_word' id='word_1_42' title='bbox 854 889 1002 985; x_wconf 89' lang='lat' dir='ltr'><strong>quidem</strong></span> 
     </span>
     <span class='ocr_line' id='line_1_8' title="bbox 28 986 1002 1087; baseline 0.005 -27"><span class='ocrx_word' id='word_1_43' title='bbox 28 992 250 1087; x_wconf 22' lang='lat' dir='ltr'><strong>¹·,&#39;,utroque</strong></span> <span class='ocrx_word' id='word_1_44' title='bbox 267 986 305 1061; x_wconf 89' lang='lat' dir='ltr'><strong>in</strong></span> <span class='ocrx_word' id='word_1_45' title='bbox 322 987 448 1063; x_wconf 89' lang='lat' dir='ltr'><strong>ordine</strong></span> <span class='ocrx_word' id='word_1_46' title='bbox 464 988 502 1069; x_wconf 92' lang='lat' dir='ltr'><strong>id</strong></span> <span class='ocrx_word' id='word_1_47' title='bbox 519 986 782 1087; x_wconf 79' lang='lat' dir='ltr'><strong>praeiiatDeus‚</strong></span> <span class='ocrx_word' id='word_1_48' title='bbox 795 986 885 1063; x_wconf 88' lang='lat' dir='ltr'><strong>nihil</strong></span> <span class='ocrx_word' id='word_1_49' title='bbox 903 990 1002 1065; x_wconf 86' lang='lat' dir='ltr'><strong>euim</strong></span> 
     </span>
     <span class='ocr_line' id='line_1_9' title="bbox 28 1085 1003 1201; baseline 0.002 -42"><span class='ocrx_word' id='word_1_50' title='bbox 28 1090 111 1201; x_wconf 53' lang='lat' dir='ltr'><strong>a?</strong></span> <span class='ocrx_word' id='word_1_51' title='bbox 127 1086 237 1179; x_wconf 86' lang='lat' dir='ltr'><strong>nobis</strong></span> <span class='ocrx_word' id='word_1_52' title='bbox 262 1088 400 1185; x_wconf 84' lang='lat' dir='ltr'><strong>absque</strong></span> <span class='ocrx_word' id='word_1_53' title='bbox 419 1110 569 1183; x_wconf 91' lang='lat' dir='ltr'><strong>corpore</strong></span> <span class='ocrx_word' id='word_1_54' title='bbox 587 1087 637 1165; x_wconf 89' lang='lat' dir='ltr'><strong>est</strong></span> <span class='ocrx_word' id='word_1_55' title='bbox 653 1085 791 1183; x_wconf 84' lang='lat' dir='ltr'><strong>gestum</strong></span> <span class='ocrx_word' id='word_1_56' title='bbox 812 1110 823 1180; x_wconf 91' lang='lat'>;</span> <span class='ocrx_word' id='word_1_57' title='bbox 856 1089 1003 1184; x_wconf 79' lang='lat' dir='ltr'><strong>quando</strong></span> 
     </span>
     <span class='ocr_line' id='line_1_10' title="bbox 28 1185 1003 1286; baseline 0.001 -25"><span class='ocrx_word' id='word_1_58' title='bbox 28 1200 35 1207; x_wconf 87' lang='grc'><strong><em>·</em></strong></span> <span class='ocrx_word' id='word_1_59' title='bbox 57 1206 179 1281; x_wconf 86' lang='lat' dir='ltr'><strong>„ergo</strong></span> <span class='ocrx_word' id='word_1_60' title='bbox 201 1185 390 1261; x_wconf 87' lang='lat' dir='ltr'><strong>adomnia</strong></span> <span class='ocrx_word' id='word_1_61' title='bbox 413 1185 597 1265; x_wconf 87' lang='lat' dir='ltr'><strong>subserviit</strong></span> <span class='ocrx_word' id='word_1_62' title='bbox 616 1209 771 1286; x_wconf 91' lang='lat' dir='ltr'><strong>corpus,</strong></span> <span class='ocrx_word' id='word_1_63' title='bbox 804 1187 843 1262; x_wconf 91' lang='lat' dir='ltr'><strong>in</strong></span> <span class='ocrx_word' id='word_1_64' title='bbox 867 1186 1003 1269; x_wconf 87' lang='lat' dir='ltr'><strong>futuris</strong></span> 
     </span>
     <span class='ocr_line' id='line_1_11' title="bbox 28 1264 1003 1397; baseline 0 -36"><span class='ocrx_word' id='word_1_65' title='bbox 28 1264 237 1397; x_wconf 64' lang='lat' dir='ltr'><strong>:„quoque</strong></span> <span class='ocrx_word' id='word_1_66' title='bbox 253 1284 465 1363; x_wconf 85' lang='lat' dir='ltr'><strong>obventurae</strong></span> <span class='ocrx_word' id='word_1_67' title='bbox 483 1286 588 1362; x_wconf 84' lang='lat' dir='ltr'><strong>sortis</strong></span> <span class='ocrx_word' id='word_1_68' title='bbox 605 1285 654 1361; x_wconf 87' lang='lat' dir='ltr'><strong>est</strong></span> <span class='ocrx_word' id='word_1_69' title='bbox 669 1286 860 1385; x_wconf 84' lang='lat' dir='ltr'><strong>particeps.</strong></span> <span class='ocrx_word' id='word_1_70' title='bbox 893 1286 1003 1361; x_wconf 87' lang='lat' dir='ltr'><strong>Tem·</strong></span> 
     </span>
     <span class='ocr_line' id='line_1_12' title="bbox 61 1384 1003 1485; baseline 0.003 -27"><span class='ocrx_word' id='word_1_71' title='bbox 61 1407 263 1485; x_wconf 77' lang='lat' dir='ltr'><strong>„petemus</strong></span> <span class='ocrx_word' id='word_1_72' title='bbox 284 1384 408 1481; x_wconf 90' lang='lat' dir='ltr'><strong>itaque</strong></span> <span class='ocrx_word' id='word_1_73' title='bbox 428 1387 558 1463; x_wconf 87' lang='lat' dir='ltr'><strong>fratres</strong></span> <span class='ocrx_word' id='word_1_74' title='bbox 584 1386 793 1484; x_wconf 85' lang='lat' dir='ltr'><strong>corporibus</strong></span> <span class='ocrx_word' id='word_1_75' title='bbox 810 1436 839 1475; x_wconf 84' lang='grc'><strong>,-</strong></span> <span class='ocrx_word' id='word_1_76' title='bbox 857 1396 1003 1482; x_wconf 83' lang='lat' dir='ltr'><strong>oportet</strong></span> 
     </span>
     <span class='ocr_line' id='line_1_13' title="bbox 64 1480 1003 1577; baseline 0.002 -18"><span class='ocrx_word' id='word_1_77' title='bbox 64 1483 191 1577; x_wconf 81' lang='lat' dir='ltr'><strong>,&#39;,&#39;enim</strong></span> <span class='ocrx_word' id='word_1_78' title='bbox 211 1505 280 1558; x_wconf 87' lang='lat' dir='ltr'><strong>nos</strong></span> <span class='ocrx_word' id='word_1_79' title='bbox 300 1480 458 1565; x_wconf 90' lang='lat' dir='ltr'><strong>Domino</strong></span> <span class='ocrx_word' id='word_1_80' title='bbox 478 1487 630 1562; x_wconf 90' lang='lat' dir='ltr'><strong>reddere</strong></span> <span class='ocrx_word' id='word_1_81' title='bbox 650 1486 832 1573; x_wconf 86' lang='lat' dir='ltr'><strong>rationem</strong></span> <span class='ocrx_word' id='word_1_82' title='bbox 854 1485 901 1559; x_wconf 94' lang='lat' dir='ltr'><strong>de</strong></span> <span class='ocrx_word' id='word_1_83' title='bbox 924 1507 1003 1561; x_wconf 91' lang='lat' dir='ltr'><strong>om·</strong></span> 
     </span>
     <span class='ocr_line' id='line_1_14' title="bbox 28 1582 1002 1685; baseline 0.001 -26"><span class='ocrx_word' id='word_1_84' title='bbox 28 1582 305 1685; x_wconf 54' lang='lat' dir='ltr'><strong>pfflbm‚quae</strong></span> <span class='ocrx_word' id='word_1_85' title='bbox 319 1605 383 1683; x_wconf 86' lang='lat' dir='ltr'><strong>per</strong></span> <span class='ocrx_word' id='word_1_86' title='bbox 402 1606 533 1683; x_wconf 86' lang='lat' dir='ltr'><strong>corpus</strong></span> <span class='ocrx_word' id='word_1_87' title='bbox 550 1585 742 1681; x_wconf 84' lang='lat' dir='ltr'><strong>egerimus.</strong></span> <span class='ocrx_word' id='word_1_88' title='bbox 793 1582 850 1659; x_wconf 88' lang='lat' dir='ltr'><strong>Ne</strong></span> <span class='ocrx_word' id='word_1_89' title='bbox 871 1584 1002 1661; x_wconf 87' lang='lat' dir='ltr'><strong>dicito:</strong></span> 
     </span>
     <span class='ocr_line' id='line_1_15' title="bbox 28 1680 999 1795; baseline 0 -36"><span class='ocrx_word' id='word_1_90' title='bbox 28 1680 45 1795; x_wconf 73' lang='grc' dir='ltr'><strong>ιξ</strong></span> <span class='ocrx_word' id='word_1_91' title='bbox 64 1704 199 1775; x_wconf 73' lang='lat' dir='ltr'><strong>,memo</strong></span> <span class='ocrx_word' id='word_1_92' title='bbox 214 1706 274 1759; x_wconf 90' lang='lat' dir='ltr'><strong>me</strong></span> <span class='ocrx_word' id='word_1_93' title='bbox 290 1683 409 1761; x_wconf 89' lang='lat' dir='ltr'><strong>videt:</strong></span> <span class='ocrx_word' id='word_1_94' title='bbox 446 1686 508 1782; x_wconf 91' lang='lat' dir='ltr'><strong>qui</strong></span> <span class='ocrx_word' id='word_1_95' title='bbox 525 1685 621 1764; x_wconf 89' lang='lat' dir='ltr'><strong>enim</strong></span> <span class='ocrx_word' id='word_1_96' title='bbox 638 1707 707 1758; x_wconf 91' lang='lat' dir='ltr'><strong>nos</strong></span> <span class='ocrx_word' id='word_1_97' title='bbox 724 1680 853 1771; x_wconf 81' lang='lat' dir='ltr'><strong>finxit,</strong></span> <span class='ocrx_word' id='word_1_98' title='bbox 884 1684 999 1770; x_wconf 90' lang='lat' dir='ltr'><strong>videt,</strong></span> 
     </span>
     <span class='ocr_line' id='line_1_16' title="bbox 28 1783 1001 1881; baseline -0.002 -22"><span class='ocrx_word' id='word_1_99' title='bbox 28 1806 36 1839; x_wconf 83' lang='lat'>=</span> <span class='ocrx_word' id='word_1_100' title='bbox 64 1784 191 1881; x_wconf 85' lang='lat' dir='ltr'><strong>,&#39;,quod</strong></span> <span class='ocrx_word' id='word_1_101' title='bbox 205 1784 335 1879; x_wconf 86' lang='lat' dir='ltr'><strong>agitur.</strong></span> <span class='ocrx_word' id='word_1_102' title='bbox 372 1784 532 1863; x_wconf 86' lang='lat' dir='ltr'><strong>Maculae</strong></span> <span class='ocrx_word' id='word_1_103' title='bbox 547 1805 692 1881; x_wconf 91' lang='lat' dir='ltr'><strong>quoque</strong></span> <span class='ocrx_word' id='word_1_104' title='bbox 710 1796 942 1879; x_wconf 87' lang='lat' dir='ltr'><strong>peccatorum</strong></span> <span class='ocrx_word' id='word_1_105' title='bbox 964 1783 1001 1858; x_wconf 91' lang='lat' dir='ltr'><strong>in</strong></span> 
     </span>
     <span class='ocr_line' id='line_1_17' title="bbox 67 1881 1001 1979; baseline -0.001 -22"><span class='ocrx_word' id='word_1_106' title='bbox 67 1905 243 1979; x_wconf 83' lang='lat' dir='ltr'><strong>„corpore</strong></span> <span class='ocrx_word' id='word_1_107' title='bbox 262 1898 425 1969; x_wconf 86' lang='lat' dir='ltr'><strong>manent,</strong></span> <span class='ocrx_word' id='word_1_108' title='bbox 450 1881 488 1959; x_wconf 77' lang='lat' dir='ltr'><strong>dr</strong></span> <span class='ocrx_word' id='word_1_109' title='bbox 504 1885 688 1979; x_wconf 83' lang='lat' dir='ltr'><strong>praeterita</strong></span> <span class='ocrx_word' id='word_1_110' title='bbox 703 1882 849 1978; x_wconf 91' lang='lat' dir='ltr'><strong>quidem</strong></span> <span class='ocrx_word' id='word_1_111' title='bbox 866 1883 1001 1957; x_wconf 82' lang='lat' dir='ltr'><strong>animae</strong></span> 
     </span>
     <span class='ocr_line' id='line_1_18' title="bbox 68 1980 1001 2078; baseline -0.004 -19"><span class='ocrx_word' id='word_1_112' title='bbox 68 1982 130 2074; x_wconf 75' lang='lat'><strong>,&#39;,&amp;</strong></span> <span class='ocrx_word' id='word_1_113' title='bbox 147 1982 307 2077; x_wconf 89' lang='lat' dir='ltr'><strong>corporis</strong></span> <span class='ocrx_word' id='word_1_114' title='bbox 326 1983 477 2060; x_wconf 83' lang='lat' dir='ltr'><strong>vulnera</strong></span> <span class='ocrx_word' id='word_1_115' title='bbox 494 1982 594 2057; x_wconf 88' lang='lat' dir='ltr'><strong>sanat</strong></span> <span class='ocrx_word' id='word_1_116' title='bbox 609 1981 711 2057; x_wconf 91' lang='lat' dir='ltr'><strong>Deus</strong></span> <span class='ocrx_word' id='word_1_117' title='bbox 727 2001 790 2078; x_wconf 91' lang='lat' dir='ltr'><strong>per</strong></span> <span class='ocrx_word' id='word_1_118' title='bbox 807 1980 1001 2077; x_wconf 85' lang='lat' dir='ltr'><strong>baptisma,</strong></span> 
     </span>
     <span class='ocr_line' id='line_1_19' title="bbox 70 2078 1001 2178; baseline -0.003 -23"><span class='ocrx_word' id='word_1_119' title='bbox 70 2078 152 2171; x_wconf 84' lang='lat' dir='ltr'><strong>‚&#39;‚ied</strong></span> <span class='ocrx_word' id='word_1_120' title='bbox 183 2078 371 2156; x_wconf 85' lang='lat' dir='ltr'><strong>adversum</strong></span> <span class='ocrx_word' id='word_1_121' title='bbox 406 2082 533 2159; x_wconf 86' lang='lat' dir='ltr'><strong>futura</strong></span> <span class='ocrx_word' id='word_1_122' title='bbox 565 2078 737 2178; x_wconf 89' lang='lat' dir='ltr'><strong>deinceps</strong></span> <span class='ocrx_word' id='word_1_123' title='bbox 760 2079 1001 2177; x_wconf 81' lang='lat' dir='ltr'><strong>nosmetipsos</strong></span> 
     </span>
     <span class='ocr_line' id='line_1_20' title="bbox 71 2178 1000 2279; baseline -0.003 -25"><span class='ocrx_word' id='word_1_124' title='bbox 71 2182 300 2278; x_wconf 72' lang='lat' dir='ltr'><strong>,muniamus</strong></span> <span class='ocrx_word' id='word_1_125' title='bbox 317 2204 458 2266; x_wconf 85' lang='lat' dir='ltr'><strong>omnes,</strong></span> <span class='ocrx_word' id='word_1_126' title='bbox 475 2194 517 2257; x_wconf 92' lang='lat' dir='ltr'><strong>ut</strong></span> <span class='ocrx_word' id='word_1_127' title='bbox 531 2180 707 2279; x_wconf 76' lang='lat' dir='ltr'><strong>mundam</strong></span> <span class='ocrx_word' id='word_1_128' title='bbox 724 2181 819 2257; x_wconf 89' lang='lat' dir='ltr'><strong>hanc</strong></span> <span class='ocrx_word' id='word_1_129' title='bbox 839 2178 1000 2275; x_wconf 91' lang='lat' dir='ltr'><strong>corporis</strong></span> 
     </span>
     <span class='ocr_line' id='line_1_21' title="bbox 72 2277 1000 2376; baseline -0.002 -22"><span class='ocrx_word' id='word_1_130' title='bbox 72 2279 224 2373; x_wconf 82' lang='lat' dir='ltr'><strong>„vestem</strong></span> <span class='ocrx_word' id='word_1_131' title='bbox 241 2278 506 2367; x_wconf 85' lang='lat' dir='ltr'><strong>custodiamus,</strong></span> <span class='ocrx_word' id='word_1_132' title='bbox 532 2304 600 2354; x_wconf 91' lang='lat' dir='ltr'><strong>nec</strong></span> <span class='ocrx_word' id='word_1_133' title='bbox 614 2301 677 2376; x_wconf 91' lang='lat' dir='ltr'><strong>per</strong></span> <span class='ocrx_word' id='word_1_134' title='bbox 691 2277 845 2376; x_wconf 83' lang='lat' dir='ltr'><strong>alicujus</strong></span> <span class='ocrx_word' id='word_1_135' title='bbox 860 2279 1000 2375; x_wconf 84' lang='lat' dir='ltr'><strong>peccati</strong></span> 
     </span>
     <span class='ocr_line' id='line_1_22' title="bbox 72 2377 1000 2481; baseline 0 -28"><span class='ocrx_word' id='word_1_136' title='bbox 72 2380 397 2477; x_wconf 83' lang='lat' dir='ltr'><strong>„perpetrationem</strong></span> <span class='ocrx_word' id='word_1_137' title='bbox 421 2379 574 2461; x_wconf 84' lang='lat' dir='ltr'><strong>coelestis</strong></span> <span class='ocrx_word' id='word_1_138' title='bbox 591 2378 715 2457; x_wconf 83' lang='lat' dir='ltr'><strong>salutis</strong></span> <span class='ocrx_word' id='word_1_139' title='bbox 729 2377 906 2481; x_wconf 76' lang='lat' dir='ltr'><strong>jatiuram</strong></span> <span class='ocrx_word' id='word_1_140' title='bbox 921 2377 1000 2455; x_wconf 87' lang='lat' dir='ltr'><strong>sub·</strong></span> 
     </span>
     <span class='ocr_line' id='line_1_23' title="bbox 71 2500 229 2571; baseline 0.019 -17"><span class='ocrx_word' id='word_1_141' title='bbox 71 2500 229 2571; x_wconf 73' lang='lat' dir='ltr'><strong>„eamus</strong></span> 
     </span>
    </p>
   </div>
   <div class='ocr_carea' id='block_1_3' title="bbox 45 2656 1145 3769">
    <p class='ocr_par' dir='ltr' id='par_1_3' title="bbox 45 2656 1145 3769">
     <span class='ocr_line' id='line_1_24' title="bbox 81 2656 1139 2784; baseline -0.005 -36"><span class='ocrx_word' id='word_1_142' title='bbox 81 2656 85 2661; x_wconf 41' lang='lat'>¹</span> <span class='ocrx_word' id='word_1_143' title='bbox 134 2701 169 2770; x_wconf 82' lang='lat' dir='ltr'><strong>p.</strong></span> <span class='ocrx_word' id='word_1_144' title='bbox 200 2674 401 2761; x_wconf 84' lang='lat' dir='ltr'><strong>„Dicamus</strong></span> <span class='ocrx_word' id='word_1_145' title='bbox 424 2690 542 2764; x_wconf 88' lang='lat' dir='ltr'><strong>nunc,</strong></span> <span class='ocrx_word' id='word_1_146' title='bbox 576 2695 658 2771; x_wconf 83' lang='lat' dir='ltr'><strong>quae</strong></span> <span class='ocrx_word' id='word_1_147' title='bbox 682 2672 854 2750; x_wconf 68' lang='lat' dir='ltr'><strong>hactenus</strong></span> <span class='ocrx_word' id='word_1_148' title='bbox 881 2672 1000 2767; x_wconf 89' lang='lat' dir='ltr'><strong>super·</strong></span> <span class='ocrx_word' id='word_1_149' title='bbox 1012 2696 1139 2784; x_wconf 53' lang='lat' dir='ltr'><strong>papst„</strong></span> 
     </span>
     <span class='ocr_line' id='line_1_25' title="bbox 69 2772 1145 2873; baseline -0.009 -23"><span class='ocrx_word' id='word_1_150' title='bbox 69 2773 195 2867; x_wconf 80' lang='lat' dir='ltr'><strong>„iunt‚</strong></span> <span class='ocrx_word' id='word_1_151' title='bbox 230 2790 374 2873; x_wconf 90' lang='lat' dir='ltr'><strong>propter</strong></span> <span class='ocrx_word' id='word_1_152' title='bbox 395 2772 506 2848; x_wconf 88' lang='lat' dir='ltr'><strong>iliud:</strong></span> <span class='ocrx_word' id='word_1_153' title='bbox 542 2774 599 2849; x_wconf 78' lang='lat' dir='ltr'><strong>Er</strong></span> <span class='ocrx_word' id='word_1_154' title='bbox 616 2799 658 2850; x_wconf 79' lang='lat' dir='ltr'><strong>ru</strong></span> <span class='ocrx_word' id='word_1_155' title='bbox 673 2797 791 2849; x_wconf 78' lang='lat' dir='ltr'><strong>nunu</strong></span> <span class='ocrx_word' id='word_1_156' title='bbox 809 2796 1000 2847; x_wconf 72' lang='lat' dir='ltr'><strong>seueram</strong></span> <span class='ocrx_word' id='word_1_157' title='bbox 1012 2805 1107 2869; x_wconf 74' lang='lat' dir='ltr'><strong>quaro</strong></span> <span class='ocrx_word' id='word_1_158' title='bbox 1126 2804 1145 2848; x_wconf 76' lang='lat' dir='ltr'><strong>o</strong></span> 
     </span>
     <span class='ocr_line' id='line_1_26' title="bbox 57 2870 1128 2969; baseline -0.008 -17"><span class='ocrx_word' id='word_1_159' title='bbox 57 2896 358 2965; x_wconf 65' lang='lat' dir='ltr'><strong>„carnotinam</strong></span> <span class='ocrx_word' id='word_1_160' title='bbox 393 2872 658 2951; x_wconf 75' lang='lat' dir='ltr'><strong>Eccnesrnm:</strong></span> <span class='ocrx_word' id='word_1_161' title='bbox 704 2894 787 2969; x_wconf 86' lang='lat' dir='ltr'><strong>quae</strong></span> <span class='ocrx_word' id='word_1_162' title='bbox 820 2870 1128 2951; x_wconf 73' lang='lat' dir='ltr'><strong>catholicatdoiicu·</strong></span> 
     </span>
     <span class='ocr_line' id='line_1_27' title="bbox 45 2964 1002 3069; baseline -0.004 -20"><span class='ocrx_word' id='word_1_163' title='bbox 45 3042 48 3049; x_wconf 92' lang='lat'><em>.</em></span> <span class='ocrx_word' id='word_1_164' title='bbox 66 2974 150 3067; x_wconf 84' lang='lat' dir='ltr'><strong>„seu</strong></span> <span class='ocrx_word' id='word_1_165' title='bbox 168 2973 377 3047; x_wconf 82' lang='lat' dir='ltr'><strong>universalis</strong></span> <span class='ocrx_word' id='word_1_166' title='bbox 396 2987 577 3060; x_wconf 88' lang='lat' dir='ltr'><strong>vocatur,</strong></span> <span class='ocrx_word' id='word_1_167' title='bbox 615 2996 659 3045; x_wconf 94' lang='lat' dir='ltr'><strong>eo</strong></span> <span class='ocrx_word' id='word_1_168' title='bbox 682 2971 780 3069; x_wconf 88' lang='lat' dir='ltr'><strong>quod</strong></span> <span class='ocrx_word' id='word_1_169' title='bbox 798 2964 860 3067; x_wconf 78' lang='lat' dir='ltr'><strong>per</strong></span> <span class='ocrx_word' id='word_1_170' title='bbox 877 2971 1002 3045; x_wconf 86' lang='lat' dir='ltr'><strong>orbem</strong></span> 
     </span>
     <span class='ocr_line' id='line_1_28' title="bbox 65 3069 1002 3169; baseline -0.013 -17"><span class='ocrx_word' id='word_1_171' title='bbox 65 3089 212 3167; x_wconf 84' lang='lat' dir='ltr'><strong>„totum</strong></span> <span class='ocrx_word' id='word_1_172' title='bbox 229 3069 354 3147; x_wconf 79' lang='lat' dir='ltr'><strong>diffusa</strong></span> <span class='ocrx_word' id='word_1_173' title='bbox 373 3070 434 3157; x_wconf 90' lang='lat' dir='ltr'><strong>est,</strong></span> <span class='ocrx_word' id='word_1_174' title='bbox 461 3072 498 3146; x_wconf 80' lang='lat' dir='ltr'><strong>dr</strong></span> <span class='ocrx_word' id='word_1_175' title='bbox 517 3073 601 3169; x_wconf 85' lang='lat' dir='ltr'><strong>quia</strong></span> <span class='ocrx_word' id='word_1_176' title='bbox 616 3070 794 3156; x_wconf 85' lang='lat' dir='ltr'><strong>universe,</strong></span> <span class='ocrx_word' id='word_1_177' title='bbox 812 3070 850 3146; x_wconf 77' lang='lat' dir='ltr'><strong>da</strong></span> <span class='ocrx_word' id='word_1_178' title='bbox 864 3071 1002 3159; x_wconf 75' lang='lat' dir='ltr'><strong>absone</strong></span> 
     </span>
     <span class='ocr_line' id='line_1_29' title="bbox 64 3168 1002 3271; baseline -0.013 -20"><span class='ocrx_word' id='word_1_179' title='bbox 64 3174 234 3265; x_wconf 82' lang='lat' dir='ltr'><strong>„defettu</strong></span> <span class='ocrx_word' id='word_1_180' title='bbox 248 3172 354 3246; x_wconf 87' lang='lat' dir='ltr'><strong>docet</strong></span> <span class='ocrx_word' id='word_1_181' title='bbox 365 3171 517 3271; x_wconf 80' lang='lat' dir='ltr'><strong>omnia.</strong></span> <span class='ocrx_word' id='word_1_182' title='bbox 542 3192 624 3266; x_wconf 88' lang='lat' dir='ltr'><strong>quae</strong></span> <span class='ocrx_word' id='word_1_183' title='bbox 639 3172 678 3245; x_wconf 91' lang='lat' dir='ltr'><strong>in</strong></span> <span class='ocrx_word' id='word_1_184' title='bbox 695 3171 883 3248; x_wconf 86' lang='lat' dir='ltr'><strong>hominum</strong></span> <span class='ocrx_word' id='word_1_185' title='bbox 907 3168 1002 3241; x_wconf 91' lang='lat' dir='ltr'><strong>noti·</strong></span> 
     </span>
     <span class='ocr_line' id='line_1_30' title="bbox 61 3270 1002 3367; baseline -0.016 -13"><span class='ocrx_word' id='word_1_186' title='bbox 61 3273 182 3366; x_wconf 82' lang='lat' dir='ltr'><strong>„tiam</strong></span> <span class='ocrx_word' id='word_1_187' title='bbox 203 3272 323 3347; x_wconf 86' lang='lat' dir='ltr'><strong>venire</strong></span> <span class='ocrx_word' id='word_1_188' title='bbox 341 3271 476 3349; x_wconf 88' lang='lat' dir='ltr'><strong>dehent</strong></span> <span class='ocrx_word' id='word_1_189' title='bbox 494 3271 687 3367; x_wconf 84' lang='lat' dir='ltr'><strong>dogmata:</strong></span> <span class='ocrx_word' id='word_1_190' title='bbox 713 3285 793 3348; x_wconf 91' lang='lat' dir='ltr'><strong>tum</strong></span> <span class='ocrx_word' id='word_1_191' title='bbox 812 3270 921 3345; x_wconf 87' lang='lat' dir='ltr'><strong>etiam</strong></span> <span class='ocrx_word' id='word_1_192' title='bbox 940 3290 1002 3340; x_wconf 93' lang='lat' dir='ltr'><strong>eo·</strong></span> 
     </span>
     <span class='ocr_line' id='line_1_31' title="bbox 59 3366 1002 3479; baseline -0.013 -29"><span class='ocrx_word' id='word_1_193' title='bbox 59 3372 193 3479; x_wconf 73' lang='lat' dir='ltr'><strong>„quod</strong></span> <span class='ocrx_word' id='word_1_194' title='bbox 211 3395 318 3446; x_wconf 88' lang='lat' dir='ltr'><strong>omne</strong></span> <span class='ocrx_word' id='word_1_195' title='bbox 336 3368 525 3446; x_wconf 86' lang='lat' dir='ltr'><strong>iiominum</strong></span> <span class='ocrx_word' id='word_1_196' title='bbox 547 3394 661 3465; x_wconf 88' lang='lat' dir='ltr'><strong>genus</strong></span> <span class='ocrx_word' id='word_1_197' title='bbox 679 3368 775 3443; x_wconf 71' lang='lat' dir='ltr'><strong>redo</strong></span> <span class='ocrx_word' id='word_1_198' title='bbox 791 3368 903 3445; x_wconf 90' lang='lat' dir='ltr'><strong>cultui</strong></span> <span class='ocrx_word' id='word_1_199' title='bbox 922 3366 1002 3439; x_wconf 87' lang='lat' dir='ltr'><strong>sub·</strong></span> 
     </span>
     <span class='ocr_line' id='line_1_32' title="bbox 62 3467 1002 3575; baseline -0.009 -27"><span class='ocrx_word' id='word_1_200' title='bbox 62 3472 219 3575; x_wconf 76' lang='lat' dir='ltr'><strong>„jiciatz</strong></span> <span class='ocrx_word' id='word_1_201' title='bbox 255 3494 298 3545; x_wconf 90' lang='lat' dir='ltr'><strong>ac</strong></span> <span class='ocrx_word' id='word_1_202' title='bbox 321 3472 476 3566; x_wconf 90' lang='lat' dir='ltr'><strong>denique</strong></span> <span class='ocrx_word' id='word_1_203' title='bbox 501 3472 584 3564; x_wconf 85' lang='lat' dir='ltr'><strong>quia</strong></span> <span class='ocrx_word' id='word_1_204' title='bbox 613 3469 829 3565; x_wconf 86' lang='lat' dir='ltr'><strong>generaliter</strong></span> <span class='ocrx_word' id='word_1_205' title='bbox 854 3467 1002 3564; x_wconf 88' lang='lat' dir='ltr'><strong>quidem</strong></span> 
     </span>
     <span class='ocr_line' id='line_1_33' title="bbox 61 3569 999 3669; baseline -0.012 -22"><span class='ocrx_word' id='word_1_206' title='bbox 61 3595 202 3667; x_wconf 87' lang='lat' dir='ltr'><strong>„omne</strong></span> <span class='ocrx_word' id='word_1_207' title='bbox 218 3585 450 3669; x_wconf 76' lang='lat' dir='ltr'><strong>peccatorum</strong></span> <span class='ocrx_word' id='word_1_208' title='bbox 472 3590 587 3664; x_wconf 88' lang='lat' dir='ltr'><strong>genus</strong></span> <span class='ocrx_word' id='word_1_209' title='bbox 604 3584 737 3654; x_wconf 84' lang='lat' dir='ltr'><strong>curat,</strong></span> <span class='ocrx_word' id='word_1_210' title='bbox 759 3569 885 3642; x_wconf 84' lang='lat' dir='ltr'><strong>eadem</strong></span> <span class='ocrx_word' id='word_1_211' title='bbox 913 3586 999 3638; x_wconf 88' lang='lat' dir='ltr'><strong>vero</strong></span> 
     </span>
     <span class='ocr_line' id='line_1_34' title="bbox 61 3666 1002 3769; baseline -0.014 -18"><span class='ocrx_word' id='word_1_212' title='bbox 61 3695 202 3767; x_wconf 82' lang='lat' dir='ltr'><strong>„omne</strong></span> <span class='ocrx_word' id='word_1_213' title='bbox 223 3669 370 3769; x_wconf 80' lang='lat' dir='ltr'><strong>poiirdet</strong></span> <span class='ocrx_word' id='word_1_214' title='bbox 392 3668 537 3746; x_wconf 88' lang='lat' dir='ltr'><strong>virtutis</strong></span> <span class='ocrx_word' id='word_1_215' title='bbox 558 3691 675 3764; x_wconf 87' lang='lat' dir='ltr'><strong>genus</strong></span> <span class='ocrx_word' id='word_1_216' title='bbox 690 3671 730 3745; x_wconf 90' lang='lat' dir='ltr'><strong>in</strong></span> <span class='ocrx_word' id='word_1_217' title='bbox 744 3666 898 3745; x_wconf 73' lang='lat' dir='ltr'><strong>fastis&amp;</strong></span> <span class='ocrx_word' id='word_1_218' title='bbox 923 3686 1002 3738; x_wconf 86' lang='lat' dir='ltr'><strong>ver·</strong></span> 
     </span>
    </p>
   </div>
   <div class='ocr_carea' id='block_1_4' title="bbox 342 3764 1003 3871">
    <p class='ocr_par' dir='ltr' id='par_1_4' title="bbox 342 3764 1003 3871">
     <span class='ocr_line' id='line_1_35' title="bbox 342 3764 1003 3871; baseline -0.009 -26"><span class='ocrx_word' id='word_1_219' title='bbox 342 3864 348 3871; x_wconf 87' lang='lat'><em>.</em></span> <span class='ocrx_word' id='word_1_220' title='bbox 438 3790 443 3797; x_wconf 90' lang='lat'>·</span> <span class='ocrx_word' id='word_1_221' title='bbox 517 3768 552 3857; x_wconf 85' lang='lat' dir='ltr'>Q</span> <span class='ocrx_word' id='word_1_222' title='bbox 574 3792 599 3865; x_wconf 92' lang='lat'>4</span> <span class='ocrx_word' id='word_1_223' title='bbox 905 3764 1003 3855; x_wconf 88' lang='lat' dir='ltr'><strong>‚,bis,</strong></span> 
     </span>
    </p>
   </div>
   <div class='ocr_carea' id='block_1_5' title="bbox 0 0 1212 4350">
    <p class='ocr_par' dir='ltr' id='par_1_5' title="bbox 0 0 1212 4350">
     <span class='ocr_line' id='line_1_36' title="bbox 0 0 1212 4350; baseline 0 1"><span class='ocrx_word' id='word_1_224' title='bbox 0 0 1212 4350; x_wconf 95' lang='lat' dir='ltr'><strong> </strong></span> 
     </span>
    </p>
   </div>
  </div>
 </body>
</html>
