2414 4350
141 328 152 349 .,
240 234 330 330 612
409 162 413 169 =
461 237 505 330 S.
519 238 677 330 Hilarii
695 224 778 356 Ep.
796 238 962 330 Piaav.

238 426 363 521 „Quin
386 425 499 502 etiam
525 451 622 524 usque
645 426 825 503 Idumoeom
846 427 1102 503 calceamentum
1126 448 1180 503 et·

240 522 431 623 mersurum
447 523 486 624 se
510 553 527 599 e
552 553 569 599 e
595 525 725 615 dicit,¹
750 526 886 602 scilicet
912 549 1035 624 urque
1056 529 1104 603 ad
1125 530 1182 604 de·

186 696 190 709 ,
241 624 462 718 „festiorem
536 648 605 711 au,
627 624 733 723 cujus
755 626 924 726 Jdumaea
955 628 1065 704 seder
1094 649 1181 725 prae·

239 724 462 819 „dicationis
494 724 713 824 Apostolicae
744 712 877 822 diriget
910 726 1104 822 grciium,
1149 727 1183 807 dr

234 823 501 927 „ipsiquoque
525 825 702 924 Ailopiryir'
733 826 789 901 iili
803 824 936 922 subditi
948 825 1059 925 sunt·
1105 828 1161 1002 ἓ·

237 924 349 1018 „Deo
373 925 525 1021 dignum
550 924 614 1010 ert,
638 949 767 1001 omnes
789 924 844 1000 iiii
864 938 1001 1022 gentes
1022 925 1095 1001 effe
1124 928 1181 1003 ub·

236 1022 397 1122 ‚,jettas‚
421 1024 458 1100 dr
482 1023 751 1100 universitatem
779 1028 899 1100 carnis
923 1025 976 1100 ad
998 1024 1179 1101 conieffio·

238 1147 355 1216 „nem
368 1134 516 1200 aeternae
530 1124 630 1200 iilius
646 1123 900 1200 misericordiae
913 1124 1068 1201 erudiri.
1092 1127 1179 1223 Cog-

238 1223 355 1315 „nitis
380 1245 470 1319 ergo
495 1223 555 1298 his
569 1225 773 1299 immutatis
789 1239 968 1299 aeternam
988 1224 1096 1300 iliam
1115 1228 1177 1323 pri·

233 1322 478 1414 „mitivorum
502 1323 540 1399 in
563 1319 764 1399 coelestibus
789 1321 1025 1401 Hierusalem
1049 1325 1092 1402 dt
1117 1326 1175 1400 cir·

173 1434 176 1439 ’
237 1421 522 1514 ,comitantium
556 1420 637 1498 Deo
670 1421 869 1499 feudorum
899 1423 1098 1501 civitatem
1127 1426 1171 1499 io·

235 1521 368 1617 „gredi
391 1521 574 1619 Propheta
596 1520 764 1609 festinat,
803 1524 934 1599 ducem
967 1525 1035 1623 qui
1070 1523 1107 1599 se
1135 1549 1169 1600 eo

235 1620 425 1714 „deducat
447 1622 661 1720 expetitos:
697 1620 855 1722 sequitur
875 1623 990 1702 enim.

53 1816 124 1887 'Vra
139 1817 183 1889 od
307 1842 345 1920 4.
378 1808 493 1919 „Quis
521 1807 656 1897 deducet
687 1836 737 1898 me
770 1810 806 1896 iri
839 1810 1007 1896 civitatem
1041 1822 1167 1899 circum

56 1905 168 1977 W·
233 1921 385 2025 ,stantiae
407 1920 476 1999 &c
536 1918 677 2094 OXtans
710 1919 886 2021 propheta
920 1919 962 1997 in
986 1922 1166 1999 civitatem

228 2009 534 2113 „circumstantiae
585 2020 690 2096 educi
714 2016 798 2111 scit,
849 2020 884 2094 se
906 2032 997 2095 ente
1027 2022 1070 2095 in
1095 2021 1166 2096 Idr-

229 2142 373 2213 „moram
397 2118 465 2194 effe
490 2131 706 2207 venturum,
740 2112 870 2210 idest,
911 2120 951 2194 in
976 2118 1087 2196 iliam
1111 2120 1165 2195 do·

230 2218 450 2312 „fertionem
472 2219 596 2316 populi
617 2211 828 2308 anterioris,
862 2240 933 2315 qua
960 2217 1083 2317 major
1105 2218 1166 2295 ser·

224 2318 334 2413 „vict
354 2317 509 2401 minori,
535 2317 574 2393 dr
598 2319 728 2395 ultima
747 2318 958 2416 praedicatio
981 2332 1165 2395 convertet

42 2470 48 2529 Ι
227 2416 369 2512 „corda
398 2428 542 2514 patrum
575 2417 624 2493 od
656 2419 782 2504 filios,
829 2438 913 2494 cum
944 2418 1104 2495 veniens
1123 2441 1165 2493 ex

83 2569 86 2575 -
223 2516 346 2612 „Sion
362 2529 510 2613 peccata
531 2539 553 2592 a
569 2516 679 2616 Jacob
695 2517 847 2594 auferet
899 2514 976 2593 Sed
992 2517 1059 2593 hic
1074 2520 1164 2595 idem

225 2615 438 2711 „deducet,
483 2617 545 2713 qui
568 2619 615 2692 ob
640 2619 866 2716 impietatem
896 2629 1049 2713 captam
1081 2618 1162 2693 Hie·
1206 2677 1207 2680 r

223 2714 408 2810 ‚rosdon
433 2729 541 2792 antea
563 2714 709 2813 repulit,
736 2717 864 2791 solitus
887 2718 1081 2814 quondam
1099 2738 1160 2793 α·

221 2812 329 2909 „leiii
354 2816 487 2891 militia
515 2811 687 2891 adversus
717 2818 946 2892 inimicorum
976 2816 1079 2892 belia
1103 2839 1156 2892 eos

221 2915 386 3009 „tutam
433 2937 532 2989 nunc
562 2927 686 2991 autern
719 2916 862 2992 nullum
892 2917 931 2991 in
965 2917 1159 2993 virtutibus

219 3034 401 3111 ‚,eorum‚
438 3005 572 3102 idest,
610 3015 647 3090 in
673 3017 893 3093 exercitibus
919 3014 1061 3091 divinae
1084 3038 1161 3115 pro·

220 3109 483 3210 „pugnationis
507 3116 684 3191 auxilium
710 3116 781 3191 est:
807 3115 846 3191 &
869 3114 965 3200 ideo.
990 3115 1081 3212 qula
1100 3116 1161 3191 dc·

219 3212 407 3307 „struxit,
446 3236 511 3288 non
544 3216 729 3314 egredietur
760 3216 796 3288 in
826 3210 1003 3292 virturibor
1038 3240 1158 3289 eorum.

218 3311 324 3407 „Sed
355 3312 546 3409 repofitam
580 3314 677 3413 spem
707 3313 834 3389 salutis
861 3312 1026 3410 reliquiis
1054 3314 1156 3390 isreel

216 3409 423 3509 „propheta
447 3435 521 3487 non
543 3415 676 3503 tacuit,
703 3414 848 3488 dicens:
883 3410 1041 3488 danobis
1060 3416 1156 3488 auxi

217 3512 327 3604 „lium
360 3511 401 3585 dr
418 3510 648 3602 trituratione,
689 3512 731 3589 &
762 3537 848 3588 vano
868 3511 967 3611 solur
993 3512 1154 3599 hominis,

65 3668 71 3681 ·
217 3611 1054 3791 2tcreterrrormcc

216 3748 244 3805 ir

86 3884 90 3897 ,
1036 3808 1150 3907 croeff⁰
