<?xml version="1.0" encoding="UTF-8"?>
<!DOCTYPE html PUBLIC "-//W3C//DTD XHTML 1.0 Transitional//EN"
    "http://www.w3.org/TR/xhtml1/DTD/xhtml1-transitional.dtd">
<html xmlns="http://www.w3.org/1999/xhtml" xml:lang="en" lang="en">
 <head>
  <title>
</title>
<meta http-equiv="Content-Type" content="text/html;charset=utf-8" />
  <meta name='ocr-system' content='tesseract 3.04.00' />
  <meta name='ocr-capabilities' content='ocr_page ocr_carea ocr_par ocr_line ocrx_word'/>
</head>
<body>
  <div class='ocr_page' id='page_1' title='image "./analysisoperums05schrgoog/analysisoperums05schrgoog_0085.png"; bbox 0 0 2414 4350; ppageno 0'>
   <div class='ocr_carea' id='block_1_1' title="bbox 56 194 961 345">
    <p class='ocr_par' dir='ltr' id='par_1_1' title="bbox 56 194 961 345">
     <span class='ocr_line' id='line_1_1' title="bbox 56 194 961 345; baseline -0.001 -43"><span class='ocrx_word' id='word_1_1' title='bbox 56 334 58 345; x_wconf 28' lang='grc' dir='ltr'>Ι</span> <span class='ocrx_word' id='word_1_2' title='bbox 226 220 285 325; x_wconf 72' lang='lat'><strong>68</strong></span> <span class='ocrx_word' id='word_1_3' title='bbox 436 200 556 327; x_wconf 49' lang='lat' dir='ltr'><strong>effulsi</strong></span> <span class='ocrx_word' id='word_1_4' title='bbox 586 208 629 298; x_wconf 82' lang='lat' dir='ltr'><em>F</em></span> <span class='ocrx_word' id='word_1_5' title='bbox 629 209 758 299; x_wconf 76' lang='lat' dir='ltr'><strong>iamin</strong></span> <span class='ocrx_word' id='word_1_6' title='bbox 782 194 961 317; x_wconf 77' lang='lat' dir='ltr'><strong>Materni</strong></span> 
     </span>
    </p>
   </div>
   <div class='ocr_carea' id='block_1_2' title="bbox 93 366 1168 493">
    <p class='ocr_par' dir='ltr' id='par_1_2' title="bbox 93 366 1168 493">
     <span class='ocr_line' id='line_1_2' title="bbox 93 366 1168 493; baseline -0.006 -14"><span class='ocrx_word' id='word_1_7' title='bbox 93 376 95 380; x_wconf 12' lang='lat' dir='ltr'>v</span> <span class='ocrx_word' id='word_1_8' title='bbox 230 366 318 493; x_wconf 35' lang='lat' dir='ltr'><strong>‚idis</strong></span> <span class='ocrx_word' id='word_1_9' title='bbox 334 397 570 474; x_wconf 86' lang='lat' dir='ltr'><strong>consecratur.</strong></span> <span class='ocrx_word' id='word_1_10' title='bbox 612 397 686 472; x_wconf 89' lang='lat' dir='ltr'><strong>Hic</strong></span> <span class='ocrx_word' id='word_1_11' title='bbox 701 397 750 473; x_wconf 91' lang='lat' dir='ltr'><strong>est</strong></span> <span class='ocrx_word' id='word_1_12' title='bbox 762 398 929 491; x_wconf 80' lang='lat' dir='ltr'><strong>Cabirus,</strong></span> <span class='ocrx_word' id='word_1_13' title='bbox 945 386 1004 477; x_wconf 83' lang='lat' dir='ltr'><strong>cui</strong></span> <span class='ocrx_word' id='word_1_14' title='bbox 1021 399 1168 485; x_wconf 66' lang='lat' dir='ltr'><strong>Thessa·</strong></span> 
     </span>
    </p>
   </div>
   <div class='ocr_carea' id='block_1_3' title="bbox 193 497 1202 596">
    <p class='ocr_par' dir='ltr' id='par_1_3' title="bbox 193 497 1202 596">
     <span class='ocr_line' id='line_1_3' title="bbox 193 497 1202 596; baseline -0.005 -21"><span class='ocrx_word' id='word_1_15' title='bbox 193 515 198 532; x_wconf 82' lang='lat'><strong><em>¹</em></strong></span> <span class='ocrx_word' id='word_1_16' title='bbox 231 497 458 591; x_wconf 83' lang='lat' dir='ltr'><strong>„louicenses</strong></span> <span class='ocrx_word' id='word_1_17' title='bbox 483 497 669 596; x_wconf 75' lang='lat' dir='ltr'><strong>quondam¹</strong></span> <span class='ocrx_word' id='word_1_18' title='bbox 687 512 837 573; x_wconf 89' lang='lat' dir='ltr'><strong>cruento</strong></span> <span class='ocrx_word' id='word_1_19' title='bbox 863 501 1024 575; x_wconf 85' lang='lat' dir='ltr'><strong>cruentis</strong></span> <span class='ocrx_word' id='word_1_20' title='bbox 1047 500 1169 579; x_wconf 87' lang='lat' dir='ltr'><strong>mani·</strong></span> <span class='ocrx_word' id='word_1_21' title='bbox 1198 548 1202 557; x_wconf 78' lang='lat'><em>,</em></span> 
     </span>
    </p>
   </div>
   <div class='ocr_carea' id='block_1_4' title="bbox 40 596 1168 819">
    <p class='ocr_par' dir='ltr' id='par_1_4' title="bbox 40 596 1168 819">
     <span class='ocr_line' id='line_1_4' title="bbox 77 596 1168 698; baseline 0.002 -27"><span class='ocrx_word' id='word_1_22' title='bbox 77 632 80 639; x_wconf 88' lang='lat'><em>·</em></span> <span class='ocrx_word' id='word_1_23' title='bbox 143 662 146 667; x_wconf 94' lang='lat'>.</span> <span class='ocrx_word' id='word_1_24' title='bbox 232 599 327 688; x_wconf 88' lang='lat' dir='ltr'><strong>„bus</strong></span> <span class='ocrx_word' id='word_1_25' title='bbox 350 596 606 694; x_wconf 85' lang='lat' dir='ltr'>supplicabant.</span> <span class='ocrx_word' id='word_1_26' title='bbox 658 597 773 685; x_wconf 80' lang='lat' dir='ltr'><strong>Quale</strong></span> <span class='ocrx_word' id='word_1_27' title='bbox 791 621 946 690; x_wconf 88' lang='lat' dir='ltr'><strong>numen,</strong></span> <span class='ocrx_word' id='word_1_28' title='bbox 969 601 1067 698; x_wconf 88' lang='lat' dir='ltr'><strong>quod</strong></span> <span class='ocrx_word' id='word_1_29' title='bbox 1085 614 1168 698; x_wconf 82' lang='lat' dir='ltr'><strong>par·</strong></span> 
     </span>
     <span class='ocr_line' id='line_1_5' title="bbox 40 672 765 819; baseline 0.004 -48"><span class='ocrx_word' id='word_1_30' title='bbox 40 802 44 819; x_wconf 26' lang='grc' dir='ltr'><strong><em>Ι</em></strong></span> <span class='ocrx_word' id='word_1_31' title='bbox 161 706 164 710; x_wconf 77' lang='grc'><em>’</em></span> <span class='ocrx_word' id='word_1_32' title='bbox 231 672 419 789; x_wconf 73' lang='lat' dir='ltr'><strong>„riciriaiis</strong></span> <span class='ocrx_word' id='word_1_33' title='bbox 434 696 595 773; x_wconf 89' lang='lat' dir='ltr'><strong>amentia</strong></span> <span class='ocrx_word' id='word_1_34' title='bbox 616 697 765 774; x_wconf 86' lang='lat' dir='ltr'><strong>invenit.</strong></span> 
     </span>
    </p>
   </div>
   <div class='ocr_carea' id='block_1_5' title="bbox 49 886 1207 3177">
    <p class='ocr_par' dir='ltr' id='par_1_5' title="bbox 49 886 1167 993">
     <span class='ocr_line' id='line_1_6' title="bbox 49 886 1167 993; baseline -0.007 -15"><span class='ocrx_word' id='word_1_35' title='bbox 49 908 102 978; x_wconf 77' lang='lat' dir='ltr'><strong>&#39;De</strong></span> <span class='ocrx_word' id='word_1_36' title='bbox 124 909 218 976; x_wconf 80' lang='lat' dir='ltr'><strong>Seru·</strong></span> <span class='ocrx_word' id='word_1_37' title='bbox 309 922 365 971; x_wconf 90' lang='lat'><strong>10.</strong></span> <span class='ocrx_word' id='word_1_38' title='bbox 394 886 874 993; x_wconf 81' lang='lat' dir='ltr'><strong>‚‚Quapropter‘.quicunque</strong></span> <span class='ocrx_word' id='word_1_39' title='bbox 890 886 970 973; x_wconf 84' lang='lat' dir='ltr'><strong>haec</strong></span> <span class='ocrx_word' id='word_1_40' title='bbox 990 897 1087 971; x_wconf 86' lang='lat' dir='ltr'><strong>sacra</strong></span> <span class='ocrx_word' id='word_1_41' title='bbox 1103 918 1167 970; x_wconf 62' lang='lat' dir='ltr'><strong>veo</strong></span> 
     </span>
    </p>

    <p class='ocr_par' dir='ltr' id='par_1_6' title="bbox 49 992 1168 1093">
     <span class='ocr_line' id='line_1_7' title="bbox 49 992 1168 1093; baseline -0.001 -23"><span class='ocrx_word' id='word_1_42' title='bbox 49 992 132 1079; x_wconf 67' lang='lat' dir='ltr'><strong>prae.</strong></span> <span class='ocrx_word' id='word_1_43' title='bbox 233 1009 429 1092; x_wconf 80' lang='lat' dir='ltr'><strong>„neratur,</strong></span> <span class='ocrx_word' id='word_1_44' title='bbox 453 1009 517 1070; x_wconf 90' lang='lat' dir='ltr'><strong>aut</strong></span> <span class='ocrx_word' id='word_1_45' title='bbox 531 995 639 1069; x_wconf 89' lang='lat' dir='ltr'><strong>malis</strong></span> <span class='ocrx_word' id='word_1_46' title='bbox 659 994 729 1072; x_wconf 87' lang='lat' dir='ltr'><strong>suis</strong></span> <span class='ocrx_word' id='word_1_47' title='bbox 744 997 911 1079; x_wconf 71' lang='lat' dir='ltr'><strong>solatium</strong></span> <span class='ocrx_word' id='word_1_48' title='bbox 925 997 1076 1093; x_wconf 85' lang='lat' dir='ltr'><strong>quaerit,</strong></span> <span class='ocrx_word' id='word_1_49' title='bbox 1102 995 1168 1087; x_wconf 68' lang='lat' dir='ltr'><strong>aut</strong></span> 
     </span>
    </p>

    <p class='ocr_par' dir='ltr' id='par_1_7' title="bbox 234 1095 1177 1190">
     <span class='ocr_line' id='line_1_8' title="bbox 234 1095 1177 1190; baseline -0.005 -20"><span class='ocrx_word' id='word_1_50' title='bbox 234 1095 423 1190; x_wconf 83' lang='lat' dir='ltr'><strong>„facinora</strong></span> <span class='ocrx_word' id='word_1_51' title='bbox 439 1117 565 1169; x_wconf 87' lang='lat' dir='ltr'><strong>eorum</strong></span> <span class='ocrx_word' id='word_1_52' title='bbox 581 1096 692 1169; x_wconf 90' lang='lat' dir='ltr'><strong>tacita</strong></span> <span class='ocrx_word' id='word_1_53' title='bbox 715 1095 899 1170; x_wconf 77' lang='lat' dir='ltr'>collaudat</span> <span class='ocrx_word' id='word_1_54' title='bbox 923 1095 1148 1190; x_wconf 78' lang='lat' dir='ltr'><strong>cogitatione</strong></span> <span class='ocrx_word' id='word_1_55' title='bbox 1155 1146 1177 1183; x_wconf 90' lang='lat'><strong>‚.</strong></span> 
     </span>
    </p>

    <p class='ocr_par' dir='ltr' id='par_1_8' title="bbox 107 1194 1167 1292">
     <span class='ocr_line' id='line_1_9' title="bbox 107 1194 1167 1292; baseline -0.002 -23"><span class='ocrx_word' id='word_1_56' title='bbox 107 1196 112 1203; x_wconf 83' lang='lat'><em>&#39;</em></span> <span class='ocrx_word' id='word_1_57' title='bbox 232 1196 332 1290; x_wconf 89' lang='lat' dir='ltr'>„hoc</span> <span class='ocrx_word' id='word_1_58' title='bbox 354 1208 512 1291; x_wconf 88' lang='lat' dir='ltr'><strong>optans,</strong></span> <span class='ocrx_word' id='word_1_59' title='bbox 536 1206 579 1269; x_wconf 87' lang='lat' dir='ltr'><strong>ut</strong></span> <span class='ocrx_word' id='word_1_60' title='bbox 598 1195 637 1270; x_wconf 77' lang='grc' dir='ltr'><strong>δι</strong></span> <span class='ocrx_word' id='word_1_61' title='bbox 652 1194 716 1270; x_wconf 81' lang='lat' dir='ltr'><strong>sibi</strong></span> <span class='ocrx_word' id='word_1_62' title='bbox 729 1195 860 1279; x_wconf 81' lang='lat' dir='ltr'><strong>liceat,</strong></span> <span class='ocrx_word' id='word_1_63' title='bbox 886 1198 983 1292; x_wconf 91' lang='lat' dir='ltr'><strong>quod</strong></span> <span class='ocrx_word' id='word_1_64' title='bbox 1000 1195 1080 1268; x_wconf 88' lang='lat' dir='ltr'><strong>Diis</strong></span> <span class='ocrx_word' id='word_1_65' title='bbox 1095 1195 1167 1267; x_wconf 73' lang='lat' dir='ltr'><strong>suis</strong></span> 
     </span>
    </p>

    <p class='ocr_par' dir='ltr' id='par_1_9' title="bbox 232 1291 1172 1390">
     <span class='ocr_line' id='line_1_10' title="bbox 232 1291 1172 1390; baseline -0.002 -22"><span class='ocrx_word' id='word_1_66' title='bbox 232 1294 373 1388; x_wconf 89' lang='lat' dir='ltr'><strong>„licuit.</strong></span> <span class='ocrx_word' id='word_1_67' title='bbox 424 1293 498 1369; x_wconf 86' lang='lat' dir='ltr'><strong>Sed</strong></span> <span class='ocrx_word' id='word_1_68' title='bbox 518 1291 594 1388; x_wconf 79' lang='lat' dir='ltr'><strong>jam</strong></span> <span class='ocrx_word' id='word_1_69' title='bbox 623 1318 720 1369; x_wconf 91' lang='lat' dir='ltr'><strong>nunc</strong></span> <span class='ocrx_word' id='word_1_70' title='bbox 738 1293 1014 1390; x_wconf 83' lang='lat' dir='ltr'><strong>explicandum,</strong></span> <span class='ocrx_word' id='word_1_71' title='bbox 1055 1316 1172 1383; x_wconf 47' lang='lat' dir='ltr'><strong>venep</strong></span> 
     </span>
    </p>

    <p class='ocr_par' dir='ltr' id='par_1_10' title="bbox 231 1393 1169 1486">
     <span class='ocr_line' id='line_1_11' title="bbox 231 1393 1169 1486; baseline -0.002 -19"><span class='ocrx_word' id='word_1_72' title='bbox 231 1393 412 1486; x_wconf 87' lang='lat' dir='ltr'><strong>„randum</strong></span> <span class='ocrx_word' id='word_1_73' title='bbox 422 1393 656 1468; x_wconf 81' lang='lat' dir='ltr'>Alexandriae</span> <span class='ocrx_word' id='word_1_74' title='bbox 673 1417 806 1469; x_wconf 87' lang='lat' dir='ltr'><strong>numen</strong></span> <span class='ocrx_word' id='word_1_75' title='bbox 815 1393 910 1470; x_wconf 88' lang='lat' dir='ltr'><strong>unde</strong></span> <span class='ocrx_word' id='word_1_76' title='bbox 928 1393 1088 1468; x_wconf 81' lang='lat' dir='ltr'><strong>sumserit</strong></span> <span class='ocrx_word' id='word_1_77' title='bbox 1103 1416 1169 1481; x_wconf 72' lang='lat' dir='ltr'><strong>ex7</strong></span> 
     </span>
    </p>

    <p class='ocr_par' dir='ltr' id='par_1_11' title="bbox 51 1486 1169 1593">
     <span class='ocr_line' id='line_1_12' title="bbox 51 1486 1169 1593; baseline -0.002 -26"><span class='ocrx_word' id='word_1_78' title='bbox 51 1528 57 1537; x_wconf 63' lang='lat'>=</span> <span class='ocrx_word' id='word_1_79' title='bbox 133 1540 137 1553; x_wconf 87' lang='lat'><strong><em>.</em></strong></span> <span class='ocrx_word' id='word_1_80' title='bbox 233 1493 415 1585; x_wconf 80' lang='lat' dir='ltr'><strong>„ordiam</strong></span> <span class='ocrx_word' id='word_1_81' title='bbox 474 1493 569 1567; x_wconf 90' lang='lat' dir='ltr'><strong>Cum</strong></span> <span class='ocrx_word' id='word_1_82' title='bbox 581 1492 710 1593; x_wconf 88' lang='lat' dir='ltr'><strong>Joseph</strong></span> <span class='ocrx_word' id='word_1_83' title='bbox 735 1493 859 1592; x_wconf 81' lang='lat' dir='ltr'><strong>Jacobs</strong></span> <span class='ocrx_word' id='word_1_84' title='bbox 881 1493 1101 1569; x_wconf 82' lang='lat' dir='ltr'><strong>Patriarchae</strong></span> <span class='ocrx_word' id='word_1_85' title='bbox 1125 1486 1169 1565; x_wconf 79' lang='lat' dir='ltr'><strong>fi·</strong></span> 
     </span>
    </p>

    <p class='ocr_par' dir='ltr' id='par_1_12' title="bbox 233 1590 1177 1688">
     <span class='ocr_line' id='line_1_13' title="bbox 233 1590 1177 1688; baseline -0.002 -22"><span class='ocrx_word' id='word_1_86' title='bbox 233 1591 335 1687; x_wconf 87' lang='lat' dir='ltr'><strong>„lius</strong></span> <span class='ocrx_word' id='word_1_87' title='bbox 349 1591 484 1688; x_wconf 88' lang='lat' dir='ltr'><strong>septem</strong></span> <span class='ocrx_word' id='word_1_88' title='bbox 503 1614 679 1666; x_wconf 87' lang='lat' dir='ltr'><strong>annorum</strong></span> <span class='ocrx_word' id='word_1_89' title='bbox 697 1593 855 1667; x_wconf 78' lang='lat' dir='ltr'><strong>colletiis</strong></span> <span class='ocrx_word' id='word_1_90' title='bbox 885 1593 1050 1687; x_wconf 80' lang='lat' dir='ltr'>frugibus</span> <span class='ocrx_word' id='word_1_91' title='bbox 1076 1590 1177 1665; x_wconf 82' lang='lat' dir='ltr'><strong>alte-¹</strong></span> 
     </span>
    </p>

    <p class='ocr_par' dir='ltr' id='par_1_13' title="bbox 234 1689 1169 1788">
     <span class='ocr_line' id='line_1_14' title="bbox 234 1689 1169 1788; baseline -0.002 -22"><span class='ocrx_word' id='word_1_92' title='bbox 234 1692 339 1785; x_wconf 87' lang='lat' dir='ltr'><strong>„rius</strong></span> <span class='ocrx_word' id='word_1_93' title='bbox 364 1689 537 1787; x_wconf 89' lang='lat' dir='ltr'><strong>septennii</strong></span> <span class='ocrx_word' id='word_1_94' title='bbox 553 1690 746 1784; x_wconf 86' lang='lat' dir='ltr'><strong>egestatem</strong></span> <span class='ocrx_word' id='word_1_95' title='bbox 772 1694 905 1772; x_wconf 86' lang='lat' dir='ltr'><strong>divinae</strong></span> <span class='ocrx_word' id='word_1_96' title='bbox 932 1715 1064 1788; x_wconf 81' lang='lat' dir='ltr'><strong>manus</strong></span> <span class='ocrx_word' id='word_1_97' title='bbox 1085 1711 1169 1786; x_wconf 89' lang='lat' dir='ltr'><strong>pro·</strong></span> 
     </span>
    </p>

    <p class='ocr_par' dir='ltr' id='par_1_14' title="bbox 235 1788 1205 1888">
     <span class='ocr_line' id='line_1_15' title="bbox 235 1788 1205 1888; baseline -0.002 -23"><span class='ocrx_word' id='word_1_98' title='bbox 235 1791 424 1883; x_wconf 86' lang='lat' dir='ltr'><strong>„videntia</strong></span> <span class='ocrx_word' id='word_1_99' title='bbox 439 1790 642 1886; x_wconf 79' lang='lat' dir='ltr'><strong>mitigasset,</strong></span> <span class='ocrx_word' id='word_1_100' title='bbox 667 1792 752 1866; x_wconf 89' lang='lat' dir='ltr'><strong>huic</strong></span> <span class='ocrx_word' id='word_1_101' title='bbox 768 1790 843 1888; x_wconf 88' lang='lat' dir='ltr'><strong>post</strong></span> <span class='ocrx_word' id='word_1_102' title='bbox 861 1803 1017 1866; x_wconf 87' lang='lat' dir='ltr'><strong>mortem</strong></span> <span class='ocrx_word' id='word_1_103' title='bbox 1028 1788 1169 1887; x_wconf 80' lang='lat' dir='ltr'><strong>AEgyp·</strong></span> <span class='ocrx_word' id='word_1_104' title='bbox 1201 1828 1205 1839; x_wconf 90' lang='lat'>·</span> 
     </span>
    </p>

    <p class='ocr_par' dir='ltr' id='par_1_15' title="bbox 234 1888 1168 1988">
     <span class='ocr_line' id='line_1_16' title="bbox 234 1888 1168 1988; baseline -0.001 -22"><span class='ocrx_word' id='word_1_105' title='bbox 234 1891 306 1983; x_wconf 80' lang='lat' dir='ltr'><strong>„tii</strong></span> <span class='ocrx_word' id='word_1_106' title='bbox 328 1889 464 1986; x_wconf 91' lang='lat' dir='ltr'><strong>templa</strong></span> <span class='ocrx_word' id='word_1_107' title='bbox 495 1889 687 1976; x_wconf 85' lang='lat' dir='ltr'><strong>fecerunt,</strong></span> <span class='ocrx_word' id='word_1_108' title='bbox 720 1913 876 1988; x_wconf 91' lang='lat' dir='ltr'><strong>quorum</strong></span> <span class='ocrx_word' id='word_1_109' title='bbox 900 1890 1008 1985; x_wconf 88' lang='lat' dir='ltr'><strong>capiti</strong></span> <span class='ocrx_word' id='word_1_110' title='bbox 1039 1888 1168 1988; x_wconf 70' lang='lat' dir='ltr'><strong>joseph</strong></span> 
     </span>
    </p>

    <p class='ocr_par' dir='ltr' id='par_1_16' title="bbox 93 1982 1171 2086">
     <span class='ocr_line' id='line_1_17' title="bbox 93 1982 1171 2086; baseline 0 -23"><span class='ocrx_word' id='word_1_111' title='bbox 93 2018 96 2023; x_wconf 90' lang='lat'>·</span> <span class='ocrx_word' id='word_1_112' title='bbox 234 1982 504 2086; x_wconf 70' lang='lat' dir='ltr'><strong>„superpositus</strong></span> <span class='ocrx_word' id='word_1_113' title='bbox 513 1988 582 2075; x_wconf 87' lang='lat' dir='ltr'><strong>est,</strong></span> <span class='ocrx_word' id='word_1_114' title='bbox 617 2014 750 2064; x_wconf 89' lang='lat' dir='ltr'><strong>nomen</strong></span> <span class='ocrx_word' id='word_1_115' title='bbox 762 1993 872 2065; x_wconf 86' lang='lat' dir='ltr'><strong>etiam</strong></span> <span class='ocrx_word' id='word_1_116' title='bbox 884 2001 926 2064; x_wconf 90' lang='lat' dir='ltr'><strong>ut</strong></span> <span class='ocrx_word' id='word_1_117' title='bbox 940 1988 1091 2064; x_wconf 73' lang='lat' dir='ltr'><strong>sanitius</strong></span> <span class='ocrx_word' id='word_1_118' title='bbox 1108 2013 1171 2063; x_wconf 86' lang='lat' dir='ltr'><strong>co·</strong></span> 
     </span>
    </p>

    <p class='ocr_par' dir='ltr' id='par_1_17' title="bbox 235 2082 1168 2185">
     <span class='ocr_line' id='line_1_18' title="bbox 235 2082 1168 2185; baseline 0.002 -23"><span class='ocrx_word' id='word_1_119' title='bbox 235 2088 418 2180; x_wconf 84' lang='lat' dir='ltr'><strong>„leretur‚</strong></span> <span class='ocrx_word' id='word_1_120' title='bbox 452 2090 640 2185; x_wconf 90' lang='lat' dir='ltr'><strong>exprimo</strong></span> <span class='ocrx_word' id='word_1_121' title='bbox 665 2089 808 2162; x_wconf 75' lang='lat' dir='ltr'><strong>austere</strong></span> <span class='ocrx_word' id='word_1_122' title='bbox 834 2090 976 2182; x_wconf 87' lang='lat' dir='ltr'><strong>generis</strong></span> <span class='ocrx_word' id='word_1_123' title='bbox 1004 2082 1168 2185; x_wconf 84' lang='lat' dir='ltr'><strong>accepit:</strong></span> 
     </span>
    </p>

    <p class='ocr_par' dir='ltr' id='par_1_18' title="bbox 162 2185 1199 2291">
     <span class='ocr_line' id='line_1_19' title="bbox 162 2185 1199 2291; baseline 0 -29"><span class='ocrx_word' id='word_1_124' title='bbox 162 2226 167 2240; x_wconf 86' lang='lat'><strong>·</strong></span> <span class='ocrx_word' id='word_1_125' title='bbox 235 2212 348 2279; x_wconf 79' lang='lat' dir='ltr'><strong>„nam</strong></span> <span class='ocrx_word' id='word_1_126' title='bbox 369 2188 452 2283; x_wconf 88' lang='lat' dir='ltr'><strong>qnia</strong></span> <span class='ocrx_word' id='word_1_127' title='bbox 474 2185 575 2263; x_wconf 82' lang='lat' dir='ltr'><strong>Sarae</strong></span> <span class='ocrx_word' id='word_1_128' title='bbox 591 2209 769 2285; x_wconf 88' lang='lat' dir='ltr'><strong>pronepos</strong></span> <span class='ocrx_word' id='word_1_129' title='bbox 787 2189 926 2271; x_wconf 86' lang='lat' dir='ltr'><strong>fuerat.</strong></span> <span class='ocrx_word' id='word_1_130' title='bbox 951 2188 1098 2283; x_wconf 85' lang='lat' dir='ltr'><strong>Serapis</strong></span> <span class='ocrx_word' id='word_1_131' title='bbox 1116 2188 1170 2262; x_wconf 91' lang='lat' dir='ltr'><strong>di·</strong></span> <span class='ocrx_word' id='word_1_132' title='bbox 1194 2272 1199 2291; x_wconf 37' lang='grc' dir='ltr'><strong><em>Ι</em></strong></span> 
     </span>
    </p>

    <p class='ocr_par' dir='ltr' id='par_1_19' title="bbox 235 2285 1206 2388">
     <span class='ocr_line' id='line_1_20' title="bbox 235 2285 1206 2388; baseline 0.003 -26"><span class='ocrx_word' id='word_1_133' title='bbox 235 2287 340 2379; x_wconf 76' lang='lat' dir='ltr'><strong>„sius</strong></span> <span class='ocrx_word' id='word_1_134' title='bbox 364 2285 414 2361; x_wconf 87' lang='lat' dir='ltr'><strong>est</strong></span> <span class='ocrx_word' id='word_1_135' title='bbox 448 2287 580 2361; x_wconf 87' lang='lat' dir='ltr'><strong>Graeco</strong></span> <span class='ocrx_word' id='word_1_136' title='bbox 604 2286 767 2361; x_wconf 87' lang='lat' dir='ltr'><strong>sermone</strong></span> <span class='ocrx_word' id='word_1_137' title='bbox 791 2287 830 2362; x_wconf 90' lang='lat' dir='ltr'><strong>id</strong></span> <span class='ocrx_word' id='word_1_138' title='bbox 849 2313 967 2388; x_wconf 75' lang='lat' dir='ltr'><strong>repar</strong></span> <span class='ocrx_word' id='word_1_139' title='bbox 982 2310 1071 2361; x_wconf 78' lang='lat' dir='ltr'><strong>nro:</strong></span> <span class='ocrx_word' id='word_1_140' title='bbox 1109 2287 1169 2365; x_wconf 86' lang='lat' dir='ltr'><strong>sed</strong></span> <span class='ocrx_word' id='word_1_141' title='bbox 1190 2322 1206 2333; x_wconf 85' lang='grc'><strong>-</strong></span> 
     </span>
    </p>

    <p class='ocr_par' dir='ltr' id='par_1_20' title="bbox 234 2384 1206 2483">
     <span class='ocr_line' id='line_1_21' title="bbox 234 2384 1206 2483; baseline 0.001 -23"><span class='ocrx_word' id='word_1_142' title='bbox 234 2387 332 2478; x_wconf 85' lang='lat' dir='ltr'>„hoc</span> <span class='ocrx_word' id='word_1_143' title='bbox 343 2387 459 2462; x_wconf 88' lang='lat' dir='ltr'><strong>invito</strong></span> <span class='ocrx_word' id='word_1_144' title='bbox 475 2384 603 2483; x_wconf 73' lang='lat' dir='ltr'><strong>joseph</strong></span> <span class='ocrx_word' id='word_1_145' title='bbox 621 2385 773 2461; x_wconf 82' lang='lat' dir='ltr'><strong>accidit:</strong></span> <span class='ocrx_word' id='word_1_146' title='bbox 799 2387 857 2461; x_wconf 87' lang='lat' dir='ltr'><strong>hic</strong></span> <span class='ocrx_word' id='word_1_147' title='bbox 873 2389 911 2462; x_wconf 92' lang='lat' dir='ltr'><strong>in</strong></span> <span class='ocrx_word' id='word_1_148' title='bbox 928 2386 1091 2482; x_wconf 85' lang='lat' dir='ltr'><strong>AEgypto</strong></span> <span class='ocrx_word' id='word_1_149' title='bbox 1102 2388 1168 2461; x_wconf 88' lang='lat' dir='ltr'><strong>ad·</strong></span> <span class='ocrx_word' id='word_1_150' title='bbox 1202 2428 1206 2461; x_wconf 85' lang='lat'>:</span> 
     </span>
    </p>

    <p class='ocr_par' dir='ltr' id='par_1_21' title="bbox 235 2483 1169 2582">
     <span class='ocr_line' id='line_1_22' title="bbox 235 2483 1169 2582; baseline 0.003 -22"><span class='ocrx_word' id='word_1_151' title='bbox 235 2499 406 2576; x_wconf 60' lang='lat' dir='ltr'><strong>„oratum</strong></span> <span class='ocrx_word' id='word_1_152' title='bbox 428 2483 538 2580; x_wconf 85' lang='lat' dir='ltr'><strong>hujus</strong></span> <span class='ocrx_word' id='word_1_153' title='bbox 559 2483 788 2560; x_wconf 86' lang='lat' dir='ltr'><strong>fimulacrum</strong></span> <span class='ocrx_word' id='word_1_154' title='bbox 804 2485 1032 2582; x_wconf 90' lang='lat' dir='ltr'><strong>Neogrorum</strong></span> <span class='ocrx_word' id='word_1_155' title='bbox 1061 2487 1169 2563; x_wconf 88' lang='lat' dir='ltr'><strong>turba</strong></span> 
     </span>
    </p>

    <p class='ocr_par' dir='ltr' id='par_1_22' title="bbox 235 2583 1170 2683">
     <span class='ocr_line' id='line_1_23' title="bbox 235 2583 1170 2683; baseline 0.002 -23"><span class='ocrx_word' id='word_1_156' title='bbox 235 2584 434 2676; x_wconf 86' lang='lat' dir='ltr'><strong>„cusiodit‚</strong></span> <span class='ocrx_word' id='word_1_157' title='bbox 459 2584 520 2658; x_wconf 90' lang='lat' dir='ltr'><strong>hic</strong></span> <span class='ocrx_word' id='word_1_158' title='bbox 535 2583 793 2681; x_wconf 75' lang='lat' dir='ltr'><strong>Serapis&#39;intra</strong></span> <span class='ocrx_word' id='word_1_159' title='bbox 815 2609 946 2683; x_wconf 87' lang='lat' dir='ltr'><strong>corpus</strong></span> <span class='ocrx_word' id='word_1_160' title='bbox 966 2585 1170 2671; x_wconf 88' lang='lat' dir='ltr'><strong>humanum</strong></span> 
     </span>
    </p>

    <p class='ocr_par' dir='ltr' id='par_1_23' title="bbox 236 2680 1207 2784">
     <span class='ocr_line' id='line_1_24' title="bbox 236 2680 1207 2784; baseline 0.002 -26"><span class='ocrx_word' id='word_1_161' title='bbox 236 2681 465 2774; x_wconf 84' lang='lat' dir='ltr'><strong>„collocatus</strong></span> <span class='ocrx_word' id='word_1_162' title='bbox 490 2683 535 2757; x_wconf 90' lang='lat' dir='ltr'><strong>ab</strong></span> <span class='ocrx_word' id='word_1_163' title='bbox 560 2683 708 2758; x_wconf 90' lang='lat' dir='ltr'><strong>homine</strong></span> <span class='ocrx_word' id='word_1_164' title='bbox 733 2699 903 2770; x_wconf 88' lang='lat' dir='ltr'><strong>vocatur,</strong></span> <span class='ocrx_word' id='word_1_165' title='bbox 936 2680 1168 2784; x_wconf 76' lang='lat' dir='ltr'><strong>&amp;loquendi</strong></span> <span class='ocrx_word' id='word_1_166' title='bbox 1206 2769 1207 2774; x_wconf 7' lang='grc' dir='ltr'><strong>Ἰ</strong></span> 
     </span>
    </p>

    <p class='ocr_par' dir='ltr' id='par_1_24' title="bbox 237 2781 1169 2881">
     <span class='ocr_line' id='line_1_25' title="bbox 237 2781 1169 2881; baseline 0.003 -25"><span class='ocrx_word' id='word_1_167' title='bbox 237 2781 450 2872; x_wconf 81' lang='lat' dir='ltr'><strong>„necessitas</strong></span> <span class='ocrx_word' id='word_1_168' title='bbox 473 2782 612 2858; x_wconf 90' lang='lat' dir='ltr'><strong>nolenti</strong></span> <span class='ocrx_word' id='word_1_169' title='bbox 631 2784 853 2881; x_wconf 82' lang='lat' dir='ltr'><strong>imperatur:</strong></span> <span class='ocrx_word' id='word_1_170' title='bbox 888 2784 935 2860; x_wconf 87' lang='lat' dir='ltr'><strong>fic</strong></span> <span class='ocrx_word' id='word_1_171' title='bbox 956 2784 993 2856; x_wconf 91' lang='lat' dir='ltr'><strong>in</strong></span> <span class='ocrx_word' id='word_1_172' title='bbox 1019 2807 1169 2881; x_wconf 87' lang='lat' dir='ltr'><strong>corpore</strong></span> 
     </span>
    </p>

    <p class='ocr_par' dir='ltr' id='par_1_25' title="bbox 236 2878 1169 2972">
     <span class='ocr_line' id='line_1_26' title="bbox 236 2878 1169 2972; baseline 0.005 -18"><span class='ocrx_word' id='word_1_173' title='bbox 236 2881 453 2972; x_wconf 86' lang='lat' dir='ltr'><strong>„hominnm</strong></span> <span class='ocrx_word' id='word_1_174' title='bbox 490 2878 671 2957; x_wconf 89' lang='lat' dir='ltr'><strong>constituti</strong></span> <span class='ocrx_word' id='word_1_175' title='bbox 695 2883 746 2960; x_wconf 88' lang='lat' dir='ltr'><strong>dii</strong></span> <span class='ocrx_word' id='word_1_176' title='bbox 774 2885 876 2960; x_wconf 87' lang='lat' dir='ltr'><strong>vestri</strong></span> <span class='ocrx_word' id='word_1_177' title='bbox 907 2897 1088 2959; x_wconf 91' lang='lat' dir='ltr'><strong>tormenta</strong></span> <span class='ocrx_word' id='word_1_178' title='bbox 1113 2907 1169 2958; x_wconf 88' lang='lat' dir='ltr'><strong>re·</strong></span> 
     </span>
    </p>

    <p class='ocr_par' dir='ltr' id='par_1_26' title="bbox 234 2980 1168 3177">
     <span class='ocr_line' id='line_1_27' title="bbox 236 2980 1168 3083; baseline 0.005 -29"><span class='ocrx_word' id='word_1_179' title='bbox 236 2996 466 3074; x_wconf 84' lang='lat' dir='ltr'><strong>„pugnantes</strong></span> <span class='ocrx_word' id='word_1_180' title='bbox 482 2980 671 3075; x_wconf 83' lang='lat' dir='ltr'><strong>sustinent,</strong></span> <span class='ocrx_word' id='word_1_181' title='bbox 694 2981 733 3059; x_wconf 81' lang='grc' dir='ltr'><strong>δι</strong></span> <span class='ocrx_word' id='word_1_182' title='bbox 749 2984 831 3061; x_wconf 79' lang='lat' dir='ltr'><strong>vini</strong></span> <span class='ocrx_word' id='word_1_183' title='bbox 848 2986 964 3083; x_wconf 88' lang='lat' dir='ltr'><strong>poenis</strong></span> <span class='ocrx_word' id='word_1_184' title='bbox 978 2982 1168 3071; x_wconf 73' lang='lat' dir='ltr'><strong>ultricibus</strong></span> 
     </span>
     <span class='ocr_line' id='line_1_28' title="bbox 234 3078 507 3177; baseline 0.015 -23"><span class='ocrx_word' id='word_1_185' title='bbox 234 3078 507 3177; x_wconf 75' lang='lat' dir='ltr'><strong>„subjugantur</strong></span> 
     </span>
    </p>
   </div>
   <div class='ocr_carea' id='block_1_6' title="bbox 48 3269 1203 3869">
    <p class='ocr_par' dir='ltr' id='par_1_27' title="bbox 48 3269 1203 3575">
     <span class='ocr_line' id='line_1_29' title="bbox 49 3269 1169 3378; baseline 0.001 -22"><span class='ocrx_word' id='word_1_186' title='bbox 49 3291 99 3356; x_wconf 79' lang='lat' dir='ltr'><strong>De</strong></span> <span class='ocrx_word' id='word_1_187' title='bbox 120 3293 218 3358; x_wconf 75' lang='lat' dir='ltr'><strong>Pena·</strong></span> <span class='ocrx_word' id='word_1_188' title='bbox 310 3303 365 3356; x_wconf 89' lang='lat' dir='ltr'><strong>rr.</strong></span> <span class='ocrx_word' id='word_1_189' title='bbox 393 3331 417 3367; x_wconf 86' lang='lat'><strong>„</strong></span> <span class='ocrx_word' id='word_1_190' title='bbox 442 3272 578 3356; x_wconf 74' lang='lat' dir='ltr'><strong>Penates</strong></span> <span class='ocrx_word' id='word_1_191' title='bbox 593 3269 1169 3378; x_wconf 83' lang='lat' dir='ltr'><strong>etiamqnidsintexplicarecon·</strong></span> 
     </span>
     <span class='ocr_line' id='line_1_30' title="bbox 48 3376 1203 3487; baseline 0.01 -46"><span class='ocrx_word' id='word_1_192' title='bbox 48 3376 137 3443; x_wconf 73' lang='lat' dir='ltr'><strong>rrius.</strong></span> <span class='ocrx_word' id='word_1_193' title='bbox 230 3381 416 3471; x_wconf 84' lang='lat' dir='ltr'><strong>„tendam</strong></span> <span class='ocrx_word' id='word_1_194' title='bbox 469 3381 539 3465; x_wconf 85' lang='lat' dir='ltr'><strong>Qui</strong></span> <span class='ocrx_word' id='word_1_195' title='bbox 559 3380 649 3454; x_wconf 89' lang='lat' dir='ltr'><strong>nihii</strong></span> <span class='ocrx_word' id='word_1_196' title='bbox 672 3380 773 3454; x_wconf 87' lang='lat' dir='ltr'><strong>aliud</strong></span> <span class='ocrx_word' id='word_1_197' title='bbox 800 3392 930 3476; x_wconf 88' lang='lat' dir='ltr'><strong>putant</strong></span> <span class='ocrx_word' id='word_1_198' title='bbox 957 3381 1024 3454; x_wconf 88' lang='lat' dir='ltr'><strong>esse</strong></span> <span class='ocrx_word' id='word_1_199' title='bbox 1054 3381 1168 3487; x_wconf 65' lang='lat' dir='ltr'><strong>uitam</strong></span> <span class='ocrx_word' id='word_1_200' title='bbox 1200 3380 1203 3391; x_wconf 91' lang='lat'>&#39;</span> 
     </span>
     <span class='ocr_line' id='line_1_31' title="bbox 229 3477 1168 3575; baseline 0.001 -23"><span class='ocrx_word' id='word_1_201' title='bbox 229 3477 320 3570; x_wconf 82' lang='lat' dir='ltr'><strong>„nisi</strong></span> <span class='ocrx_word' id='word_1_202' title='bbox 346 3478 511 3552; x_wconf 84' lang='lat' dir='ltr'><strong>vescendi</strong></span> <span class='ocrx_word' id='word_1_203' title='bbox 534 3477 572 3552; x_wconf 72' lang='grc' dir='ltr'><strong>ἃ</strong></span> <span class='ocrx_word' id='word_1_204' title='bbox 599 3481 749 3575; x_wconf 90' lang='lat' dir='ltr'><strong>potandi</strong></span> <span class='ocrx_word' id='word_1_205' title='bbox 773 3477 980 3565; x_wconf 85' lang='lat' dir='ltr'><strong>licentiam,</strong></span> <span class='ocrx_word' id='word_1_206' title='bbox 1009 3478 1078 3551; x_wconf 92' lang='lat' dir='ltr'><strong>hos</strong></span> <span class='ocrx_word' id='word_1_207' title='bbox 1104 3479 1168 3553; x_wconf 88' lang='lat' dir='ltr'><strong>fibi</strong></span> 
     </span>
    </p>

    <p class='ocr_par' dir='ltr' id='par_1_28' title="bbox 231 3574 1168 3677">
     <span class='ocr_line' id='line_1_32' title="bbox 231 3574 1168 3677; baseline 0.002 -28"><span class='ocrx_word' id='word_1_208' title='bbox 231 3578 346 3668; x_wconf 82' lang='lat' dir='ltr'><strong>„deos</strong></span> <span class='ocrx_word' id='word_1_209' title='bbox 368 3574 572 3659; x_wconf 85' lang='lat' dir='ltr'><strong>finxerunt,</strong></span> <span class='ocrx_word' id='word_1_210' title='bbox 596 3579 821 3677; x_wconf 86' lang='lat' dir='ltr'><strong>nutrimenta</strong></span> <span class='ocrx_word' id='word_1_211' title='bbox 834 3577 995 3676; x_wconf 79' lang='lat' dir='ltr'><strong>corporis</strong></span> <span class='ocrx_word' id='word_1_212' title='bbox 1014 3578 1086 3651; x_wconf 89' lang='lat' dir='ltr'><strong>hoc</strong></span> <span class='ocrx_word' id='word_1_213' title='bbox 1103 3602 1168 3651; x_wconf 92' lang='lat' dir='ltr'><strong>no·</strong></span> 
     </span>
    </p>

    <p class='ocr_par' dir='ltr' id='par_1_29' title="bbox 227 3673 1170 3791">
     <span class='ocr_line' id='line_1_33' title="bbox 227 3673 1170 3791; baseline 0.002 -41"><span class='ocrx_word' id='word_1_214' title='bbox 227 3676 353 3770; x_wconf 85' lang='lat' dir='ltr'><strong>„mine</strong></span> <span class='ocrx_word' id='word_1_215' title='bbox 373 3673 643 3782; x_wconf 79' lang='lat' dir='ltr'><strong>consecrantes,</strong></span> <span class='ocrx_word' id='word_1_216' title='bbox 666 3677 870 3757; x_wconf 82' lang='lat' dir='ltr'><strong>nescientes</strong></span> <span class='ocrx_word' id='word_1_217' title='bbox 891 3678 1006 3758; x_wconf 86' lang='lat' dir='ltr'><strong>divini</strong></span> <span class='ocrx_word' id='word_1_218' title='bbox 1029 3676 1170 3791; x_wconf 78' lang='lat' dir='ltr'><strong>oraculi</strong></span> 
     </span>
    </p>

    <p class='ocr_par' dir='ltr' id='par_1_30' title="bbox 851 3797 1167 3869">
     <span class='ocr_line' id='line_1_34' title="bbox 851 3797 1167 3869; baseline -0.019 0"><span class='ocrx_word' id='word_1_219' title='bbox 851 3800 861 3817; x_wconf 83' lang='grc'><strong><em>”</em></strong></span> <span class='ocrx_word' id='word_1_220' title='bbox 1042 3797 1167 3869; x_wconf 67' lang='lat' dir='ltr'><strong>arven·</strong></span> 
     </span>
    </p>
   </div>
   <div class='ocr_carea' id='block_1_7' title="bbox 0 0 1220 4350">
    <p class='ocr_par' dir='ltr' id='par_1_31' title="bbox 0 0 1220 4350">
     <span class='ocr_line' id='line_1_35' title="bbox 0 0 1220 4350; baseline 0 0"><span class='ocrx_word' id='word_1_221' title='bbox 0 0 1220 4350; x_wconf 95' lang='lat' dir='ltr'><strong> </strong></span> 
     </span>
    </p>
   </div>
  </div>
 </body>
</html>
