2414 4350
105 196 161 215 “’
252 194 339 307 620
481 188 526 281 S.
539 189 689 337 ffiicrii
704 188 791 307 Ep
803 188 964 282 Pion.

253 388 482 468 „notantem
500 389 675 475 quantum
694 377 742 453 ad
757 374 1175 474 sejustificationibneliei

253 475 420 573 „semper
436 477 618 563 intentus,
650 475 943 553 &consentionis
970 476 1177 576 hymnum

254 573 359 673 „ejus
385 597 447 651 ore
473 602 547 652 non
580 574 766 663 abscedit,
807 574 872 653 sed
906 576 981 652 ait:
1025 576 1176 653 canobio

180 750 183 757 ,
256 674 362 766 „mihi
394 689 487 751 erant
504 676 748 777 justificationes
776 686 848 751 'inu
875 676 913 751 in
936 676 1017 751 loco
1041 678 1176 757 incolunt

215 782 217 787 ’
256 777 354 863 „mei
406 776 447 849 ln
464 797 679 872 quacunque
694 773 775 853 sede
791 772 1001 863 mantilia,
1027 776 1175 873 inteiligit

88 917 90 922 ·
141 922 146 927 -
256 876 319 965 „se
333 874 459 949 mundi
478 874 545 951 effe
557 875 811 973 peregrinum,
840 873 915 965 Dei
931 886 1063 951 tumen
1075 874 1176 973 justit·

257 976 445 1063 „cationes
479 974 615 1072 semper
643 973 706 1050 fibi
730 971 814 1048 esse·
830 974 1078 1066 cantabiles,

256 1074 421 1169 „semper
453 1071 490 1148 in
513 1072 709 1149 coelestium
731 1074 1061 1151 Sacramentorum
1092 1098 1176 1173 opue

133 1246 135 1251 ,
255 1173 463 1262 ‚,versetur,
503 1174 554 1248 ait
574 1173 690 1247 enim:
727 1197 846 1247 memor
864 1174 926 1268 sui
945 1175 1038 1249 nobie
1062 1176 1179 1249 nomini

255 1273 333 1361 „tui
350 1270 513 1357 Domine.
539 1272 579 1349 ὅ
595 1271 749 1371 custodivi
770 1272 875 1369 legem
888 1282 998 1349 tuam.
1047 1272 1131 1349 Non
1145 1274 1181 1351 et

114 1424 118 1433 .
255 1367 481 1469 ,‚periculoso
506 1370 761 1446 nocturnarum
787 1370 1003 1465 vigiliarum
1027 1375 1106 1449 otio
1122 1373 1180 1453 tui·

151 1532 156 1543 ,
254 1493 366 1561 „mus
380 1468 617 1556 relaxandus,
642 1468 755 1546 sedin
772 1469 1028 1559 orationibus,
1055 1474 1095 1549 in
1113 1490 1178 1549 con·

252 1568 484 1661 „sessionibus
517 1582 749 1667 peccatorum
778 1570 1023 1667 occupandus
1049 1570 1122 1661 est,
1140 1584 1177 1663 ¹ut

252 1692 363 1761 „cum
377 1668 537 1744 maxime
559 1670 719 1764 corporis
735 1668 834 1743 vitiis
849 1672 1118 1765 opportunitas
1130 1670 1175 1747 u

249 1782 360 1859 „tun
391 1781 479 1843 tunc
496 1769 676 1865 praecipue
691 1768 818 1842 eadem
840 1768 930 1843 vitia
950 1770 1096 1849 divinae
1108 1772 1180 1869 legis

247 1867 524 1957 „recordatione
543 1870 765 1962 frangantur.
793 1864 991 1963 Sequitur:
1014 1870 1116 1960 Hac,
1132 1869 1180 1947 ici·

245 1966 358 2056 „licet
375 1969 550 2041 memoria
564 1967 721 2042 nominis
734 1965 800 2040 Dei
812 1990 820 2039 :
824 1964 920 2062 schin
942 1994 960 2039 e
995 1972 1179 2051 mihist·-

243 2090 351 2153 „neu
378 2090 422 2141 lu
449 2088 507 2140 ue
537 2088 726 2151 nunnus,
751 2066 830 2161 quio
848 1970 1179 2257 jusiilcrntioncsm

244 2162 439 2263 ‚‘,exquistvi.
491 2164 592 2239 Utile
618 2165 727 2259 igitur
755 2162 804 2238 est
824 2161 906 2261 justi
958 2172 1109 2247 ationes
1126 2166 1177 2245 Dt'

241 2264 340 2363 „sine
357 2262 531 2361 temporis
553 2262 806 2339 intermiffione
829 2265 998 2350 scrutari,
1026 2271 1114 2365 quia
1131 2288 1177 2365 per

242 2362 549 2460 „exquisitionem
573 2387 697 2438 earum
725 2363 941 2457 memoriam
971 2391 1043 2441 nos
1096 2390 1177 2465 etpe-

237 2464 335 2551 -„tim
363 2462 592 2538 continemus
612 2464 648 2538 in
673 2462 812 2538 Christo
826 2460 928 2560 Jesu‚
956 2470 1020 2543 cui
1044 2392 1097 2543 efi
1116 2466 1176 2565 glo·

242 2564 322 2652 „ria
343 2563 382 2638 in
400 2561 532 2639 saecula
550 2562 773 2638 saeculorum.
792 2560 924 2638 Amen.

654 2793 774 2882 Hech.

61 2964 228 3051 Deuspor-
245 2983 276 3031 1.
303 3007 327 3043 ,‚
329 2955 477 3082 Porcio
502 2978 573 3028 mea
595 2953 760 3058 Domine,
796 2954 872 3028 dixi
896 2957 1061 3056 custodire
1089 2959 1174 3058 legen

60 3053 228 3139 tionostra.
419 3065 544 3140 „tum
584 3054 702 3127 Rarus
719 3053 786 3135 est,
803 3056 862 3127 cui
882 3056 945 3129 ista
968 3057 1108 3133 fiducia
1125 3056 1173 3141 eu,

243 3164 312 3244 „ut
333 3154 535 3251 portionem
554 3152 651 3227 suam
673 3151 740 3226 effe
757 3152 876 3229 Deum
894 3157 1032 3231 audeat
1049 3158 1175 3233 dicere:

241 3251 550 3344 „renuntiandum
573 3250 621 3326 est
643 3253 813 3329 omnibus,-
833 3256 942 3329 rebus
962 3254 1108 3346 saeculi,
1142 3268 1176 3329 ut

242 3355 374 3443 „nobis
397 3353 497 3428 Deus
522 3353 639 3449 portio
667 3352 731 3433 fit,
775 3351 864 3429 ficut
885 3354 957 3430 suit
985 3354 1175 3453 Apostoiis,

240 3453 447 3559 „sequiturt
478 3448 680 3549 Deprecntus
695 3450 772 3549 sum
791 3455 915 3549 facicm
931 3466 1024 3528 tuom
1056 3458 1092 3531 in
1114 3466 1173 3531 totu

55 3582 79 3634 κ
243 3558 365 3651 „corde
383 3577 472 3640 meo,
506 3551 564 3627 cui
590 3549 638 3625 est
663 3554 780 3646 portio
797 3553 919 3639 Deus,
953 3553 1174 3631 confidenter

51 3590 68 3803 i
246 3660 400 3752 „saum
416 3651 496 3753 ejus
513 3651 748 3753 deprecatur,
785 3652 869 3751 quia
885 3654 1056 3751 quemvis
1071 3676 1172 3767 neno

1094 3774 1168 3845 „vl-

66 3960 262 4088 A
