2430 4356
101 238 245 331 amn
260 178 441 330 XVIII.
461 240 506 329 n
529 232 705 339 anenno
719 242 864 363 anag.
894 266 951 385 ⁵⁹

58 450 80 503 n
105 454 138 504 1.
179 425 421 525 Septuaginta
441 438 565 505 autem
593 429 840 507 hebdomades
871 426 952 509 sunt

59 525 300 623 padringenti
315 528 513 622 nonaginta
537 531 644 611 anni,
666 532 728 626 qui
744 530 851 629 elapsi
872 531 952 609 sunt

59 648 86 699 u
102 638 295 723 tempore,
319 647 392 723 quo
406 626 535 703 Daniel
547 627 680 704 obtulit
693 651 818 726 preces
836 652 951 728 usque

59 725 85 801 d
109 725 284 801 ultimam
306 724 562 802 desolationem
583 728 831 819 Hierusalem,
869 752 951 827 quaa

59 849 112 901 ¹on
135 824 302 923 amplius
321 825 568 902 aedificabitur.
627 824 680 903 At
704 851 790 903 aero
814 830 951 906 ibidem

59 924 194 1001 icitur:
219 921 449 999 Hebdomades
461 924 598 1024 septen,
619 924 660 1002 ss
675 929 790 1003 senum
804 928 950 1023 adifica-

59 1026 125 1099 iiar
143 1021 367 1120 Heernsasem.
420 1025 494 1100 Sed
511 1024 586 1099 illae
601 1024 736 1123 septem
753 1028 950 1103 hebdoma-

117 1122 412 1239 complebuntur
429 1136 575 1239 tempus
595 1124 686 1199 illud
707 1128 949 1239 captivitatis,

59 1222 951 1421 llaldithlhlsit‘tfs‘lillttt

59 1421 214 1517 npedita
237 1420 285 1495 esi
306 1444 329 1494 a
350 1419 558 1518 Judaeorum
581 1423 737 1499 inimicis
761 1426 799 1498 in
822 1426 949 1499 diebus
974 1492 977 1510 ,

59 1522 134 1595 urii
154 1517 196 1594 &
218 1518 443 1604 Artaxersl8‚
473 1519 510 1597 ἀ
536 1520 691 1597 aliorum
716 1544 841 1619 regum
863 1524 950 1597 Per·

59 1640 180 1697 trum.
204 1617 244 1695 dt
269 1618 472 1715 permissum
498 1644 570 1695 non
594 1618 643 1696 est
665 1620 756 1697 illud
776 1618 949 1700 aedlstcarl
1106 1636 1110 1645 '

59 1714 522 1893 {dilaniabit
529 1720 948 1915 [latinitatis

60 1916 315 1993 immationem
342 1916 513 1999 aedificii,
545 1919 783 2013 quadraginta
816 1938 947 1997 novem

60 2016 335 2115 onos.saciunt‚
360 2016 472 2092 &hae
492 2014 625 2112 septem
643 2016 887 2095 hebdomades
899 2038 947 2095 ex
1006 2016 1009 2025 ’

60 2114 105 2191 lia
118 2115 349 2210 septuaginta
368 2110 466 2191 sunt:
493 2115 530 2191 de
544 2115 616 2212 post
630 2116 697 2191 has
714 2114 848 2211 septem
859 2116 946 2193 heb·

60 2215 218 2290 omades
241 2213 492 2290 aedificationis
512 2216 643 2290 domus
663 2217 699 2290 in
726 2217 852 2294 diebus
877 2217 946 2292 Zo·

60 2314 186 2391 >babel
208 2327 297 2388 tunc
318 2313 517 2389 aedificatur
536 2313 741 2413 Jerusalem.
801 2316 946 2393 'Deinde

60 2414 226 2509 exaginta
251 2414 334 2490 duae
358 2413 638 2502 hebdomades,
679 2414 795 2489 donee
823 2415 945 2492 veniat

62 2513 198 2588 hristus
226 2511 265 2586 dt
292 2515 485 2588 moriatur:
523 2536 607 2588 nam
646 2512 827 2609 sexaginta
862 2517 965 2590 duae'

60 2611 287 2688 ebdomades
314 2610 392 2686 sunt
411 2612 662 2707 quadringenti
686 2614 833 2706 triginta
856 2636 944 2710 qua·
1057 2636 1061 2657 ·

60 2734 115 2787 nor
152 2713 252 2785 anni.
320 2711 368 2784 Et
395 2733 505 2807 quare
539 2712 688 2785 dicitur:
725 2709 942 2810 Septuaginta

60 2808 250 2885 ebdomades
301 2809 496 2885 abbreviata
540 2808 665 2908 sunt?
727 2811 776 2885 Et
830 2812 942 2888 instat

60 2910 147 2985 hant
163 2909 234 2982 isla
244 2906 387 3005 septem,
412 2908 646 3006 &sexaginta
667 2908 768 2983 dna?
796 2908 888 2985 Dan.
908 2936 942 3008 9.

87 3037 148 3106 24.
180 3008 267 3102 quia
282 3009 493 3083 detrahendi
516 3008 594 3082 sunt
613 3008 696 3082 anni
717 3008 770 3083 illi
792 3013 944 3106 quadra·

61 3114 131 3183 hta
149 3128 299 3181 novem.
350 3108 502 3181 luserius
527 3121 648 3181 autem
674 3107 807 3203 inquit:
843 3107 944 3182 Heb-

61 3230 164 3283 onas
193 3228 288 3291 una,
315 3204 354 3280 ὅ
371 3208 404 3280 ia
429 3204 564 3279 dimidio
588 3205 795 3280 hebdomadis
819 3206 945 3306 deficiet

61 3311 132 3409 fisa
167 3302 211 3381 8
229 3303 443 3401 sacrificinm.
465 3330 496 3379 a.
518 3333 575 3404 27.
627 3306 721 3379 Ecce
750 3306 944 3382 hebdoma-

61 3434 76 3481 n
94 3429 174 3482 una
191 3428 240 3477 ex
261 3402 335 3476 iliis
353 3402 584 3500 septuaginta.
636 3405 761 3499 ltaque
779 3426 945 3481 numera·

82 3504 168 3580 sunt
197 3503 423 3597 septuaginta
448 3504 532 3577 anni
555 3524 619 3599 pro
646 3515 831 3598 tempore,
874 3526 946 3602 quo

61 3605 250 3681 auserunt
266 3599 382 3698 Judaei
405 3602 442 3675 in
460 3603 670 3698 Babylone:
698 3603 827 3677 deinde
844 3604 946 3698 quie·

61 3706 234 3782 lteorum
254 3712 351 3776 terra
369 3702 536 3779 omnibus
563 3701 786 3800 septuaginta
810 3700 947 3877 heldndo·

767 3820 856 3895 ,ama
883 3819 946 3879 um

433 4098 436 4103 .
590 4072 661 4152 d:-
733 4110 737 4115 Ι
