2414 4350
16 40 55 147 ΞΕ,
113 42 143 91 Ι.

257 218 533 325 noer-contra
547 194 851 336 ceramum:
928 220 1015 341 4'07
1103 190 1106 199 ’

16 402 45 533 l*
66 403 266 502 „ceptique
288 405 487 489 honorilice
511 407 719 501 impietates
736 408 819 495 suas
841 382 1013 485 'ambitio-

16 538 34 609 ς
67 504 133 594 „se
151 503 479 595 confirmaverunt,
505 504 656 581 similem
667 506 753 581 'Deo
769 507 857 591 eise,
883 508 1013 587 velex

16 614 49 687 ξι.
68 603 179 697 „Deo
192 618 322 689 natum
350 605 408 681 vel
429 604 634 687 naturalem
655 606 722 679 elie
740 607 769 681 F
771 608 873 684 ilium
901 608 1013 683 dene-

16 690 39 757 ?
69 706 239 799 „gentes
291 704 402 787 Pauci
418 706 576 801 plurium
602 705 764 781 damnati
780 706 870 783 sunt.
914 709 1012 784 Con·

16 786 39 895 ²j
53 876 56 881 ,
69 802 313 902 „llandusres
330 804 567 907 blasphemiae
580 805 651 879 suae
670 820 770 881 metu
785 806 933 883 extorsit
946 830 1012 881 ex·

31 922 37 959 '-
70 902 172 994 „iiii‚
208 902 325 977 vicisse
350 904 384 977 se
402 906 596 985 orientales
613 905 811 1009 gloriatus,
843 908 929 1003 quia
946 909 1010 981 de·

16 982 38 1075 Ξ
68 1024 179 1094 „cem
203 1002 346 1096 legatos
365 1004 545 1085 voluntati
559 1004 632 1079 suae
652 1004 875 1091 subdidisset,
909 1022 1032 1081 com·'

16 1088 37 1137 ‘
66 1103 258 1195 „minatus
276 1102 313 1178 dr
331 1104 465 1197 populo
481 1126 546 1201 per
562 1103 784 1200 praesetium,
807 1105 845 1180 dr
864 1105 1010 1201 Episco-

16 1186 36 1297 ¹:
66 1203 153 1299 „pis
169 1200 265 1283 intra
285 1202 482 1296 palatinmz
509 1226 573 1299 per
589 1204 771 1279 maximas
789 1207 939 1281 orientis
957 1205 1009 1280 ci·

16 1314 31 1399 ,ᾗ
66 1303 230 1395 „nitates
252 1302 444 1377 haereticos
463 1301 658 1402 Episcopos
678 1302 889 1399 subrogatos
908 1328 1010 1379 com·

16 1416 24 1507 j
69 1402 269 1495 „munione
296 1401 467 1476 haeretiea
498 1403 665 1478 munivit.
727 1402 829 1479 Nihil
865 1403 1010 1500 prorsus

65 1502 174 1597 „egit
200 1500 322 1581 aliud,
358 1524 466 1598 qnam
489 1515 532 1583 ut
555 1504 679 1576 orbem
703 1514 903 1590 terrarum,
941 1524 1008 1599 pro

63 1620 169 1697 „quo
191 1599 349 1677 Christtis
366 1600 482 1699 passus.
500 1600 568 1696 est,
598 1602 745 1684 diabolo
767 1602 1006 1685 condonaret.
1112 1690 1117 1703 ⁸

141 1820 176 1893 5.
201 1796 350 1881 „Utitur
369 1806 492 1874 autem
512 1796 581 1877 hac
595 1798 754 1873 ratione:
780 1798 867 1873 nolo
881 1800 1004 1887 verba,
1019 1798 1126 1892 §posen

63 1916 180 1993 „qnae
198 1920 270 1970 noo
286 1897 413 1995 scripta
427 1896 508 1981 sunt
524 1898 607 1973 dici.
660 1897 734 1974 Sed
753 1898 813 1974 dic
830 1902 953 1994 prius,
978 1897 1074 1997 fiarst-
1093 1919 1126 1964 Μ

63 1996 189 2086 „redte
212 1997 283 2071 dici
301 2014 429 2093 putas:
465 1997 551 2072 nolo
572 1997 761 2074 adversum
783 2020 880 2073 nova
894 2020 1001 2072 vene·
1014 1977 1125 2081 [emptu

64 2118 144 2187 ‚ma
160 2119 274 2171 nonas
292 2098 639 2178 medicamentorum
646 2096 957 2193 comparationes3
978 2086 1126 2217 srY's's

64 2197 194 2285 „enim
210 2196 337 2278 Ariani
363 2197 525 2271 haeretici
545 2197 681 2271 idcirco
702 2191 873 2283 sublestior
896 2195 1006 2273 hodie
1040 2169 1102 2217 Μ’

65 2298 255 2391 „evitant,
277 2296 361 2391 quia
379 2297 477 2392 prius
495 2309 732 2392 negaverunt,
754 2320 875 2372 nonne
891 2297 1007 2372 tuho·
1103 2376 1107 2391 ,

66 2397 156 2484 „die
169 2395 303 2469 idcirco
325 2395 482 2490 refugis,
507 2409 549 2471 ut
566 2397 604 2469 hi
625 2419 721 2477 nunc
734 2418 878 2493 quoque
895 2396 1006 2472 dene·

66 2492 208 2613 „genti
234 2495 415 2570 novitates
437 2518 590 2575 vocum,
623 2494 682 2569 sed
710 2496 880 2592 profanas
904 2497 1006 2571 devi-

67 2594 166 2683 „tari
188 2592 290 2688 iubet
309 2592 503 2689 Apostolus
527 2621 556 2668 1.
579 2592 663 2668 lim.
680 2621 714 2689 3.
764 2594 819 2668 Tu
842 2617 906 2670 cur
926 2595 1007 2692 pias

66 2691 290 2789 „exe-ludis?
314 2692 560 2768 innascibilem
578 2692 746 2788 scriptum
754 2715 935 2789 nusquam
954 2695 1006 2768 le·

67 2794 175 2890 „gis‚
208 2793 384 2888 numquid
409 2791 447 2868 dr
470 2792 541 2865 hoc
564 2794 773 2886 negandum
796 2793 886 2876 erit,
919 2794 1005 2890 quia

66 2915 232 2981 „novum
253 2891 328 2966 est?
373 2893 414 2966 in
433 2915 506 2965 uno
524 2890 667 2965 novitas
684 2892 847 2986 eiigitur,
870 2892 908 2966 in
929 2892 1004 2967 alio

66 2992 356 3081 ,·,submovetur:
389 2993 453 3066 ubi
478 2991 677 3086 impietatis
711 2991 850 3065 occasio
879 3003 1003 3087 patet,

67 3093 242 3183 ‚novitas
256 3092 480 3175 admittitur,
506 3092 569 3166 ubi
584 3102 706 3165 autem
728 3091 913 3186 religionis
931 3088 1004 3164 iola

67 3191 241 3283 ,mantela
257 3190 318 3275 est,
344 3190 559 3265 excluditur.
604 3190 784 3277 Similem,
808 3188 906 3286 quod
922 3187 1006 3264 scri·

68 3304 201 3389 „ptum
221 3315 294 3363 non
320 3288 388 3374 eii,
416 3290 515 3364 Patri
536 3288 669 3364 Filium
687 3291 851 3365 decernis
874 3288 1005 3386 praedi·

68 3392 196 3480 ‚‚oari‚
220 3402 263 3463 ut
282 3389 461 3485 aequalem
477 3389 657 3465 Christum
676 3389 818 3473 Deum,
844 3390 940 3485 quod
957 3386 1006 3461 est

67 3490 298 3586 ‚·,seriptum‚
331 3502 465 3565 taceas.
526 3489 640 3564 Vetas
662 3513 736 3563 non
761 3489 889 3585 scripta
915 3487 1006 3573 dici,

68 3590 137 3679 „dr
152 3588 224 3686 ipse
241 3602 364 3664 tamen
385 3612 458 3662 non
474 3587 613 3685 scriptis
629 3589 765 3675 uteris,
790 3593 909 3682 neque
925 3607 1008 3682 quae

68 3690 181 3781 ‚rsunt
195 3689 323 3787 scripta
341 3687 511 3786 loqueris.
538 3688 733 3862 CSimilem
749 3687 806 3765 vis
829 3687 932 3858 Patril
935 3785 942 3800 ι
951 3684 978 3759 F
979 3686 1009 3758 i·
1112 3752 1121 3781 ,

578 3810 647 3885 c4
893 3807 1009 3875 „mm

957 4002 1078 4093 ,a
