2414 4350
26 2838 30 2849 Ι

22 3700 35 4317 ἒ

132 177 277 321 senio
292 222 473 319 araur.
500 222 544 313 a·
560 220 736 318 namu
752 188 900 345 anag.
932 251 988 344 ⁵7
1042 283 1046 292 .

61 396 309 509 „notationem
324 414 474 503 muudi,
498 402 556 488 sed
579 414 766 511 virginitas
786 415 918 509 melior
936 415 992 505 est,

60 515 263 612 „conjugio
316 513 436 588 Adam
459 515 497 588 in
511 514 629 588 coelibi
652 515 728 589 vita
750 514 810 589 sua
832 513 985 591 erat'in·

61 634 219 706 „nocens
235 612 273 689 ἀ
286 611 416 691 bouus.
441 610 479 688 ἃ
497 636 579 688 cum
592 612 762 709 produiia
776 638 821 687 ex
839 614 985 699 eoEva.
1133 660 1136 665 ·

60 712 318 809 ‚mansgrelius
335 711 388 786 est
403 727 637 809 praeceptum.
670 713 771 786 ‘Filii
788 714 879 787 Seth
900 713 986 791 boni

60 811 115 902 ‚.&
124 811 377 887 honestierant
393 811 429 885 iu
437 811 728 905 generationibus
738 811 819 895 luis,
830 826 984 887 cn'mau·
1072 856 1075 861 ·

58 924 152 1002 „tem
169 911 364 1005 commixti
380 910 521 984 fuissent
541 935 624 986 cum
640 911 783 986 filiabus
801 912 905 993 Cain.
922 912 984 986 de·

58 1111 139 1199 „son
160 1110 203 1186 in
230 1109 437 1204 uirginitate
454 1108 542 1196 lua,
573 1109 632 1184 fed
657 1107 893 1184 fornicatione
922 1108 990 1187 sua.

56 1210 324 1299 „Nazareorum
350 1206 510 1284 faedavit.
565 1209 727 1293 Decorus
754 1222 832 1284 erat
866 1209 983 1283 David

58 1310 114 1398 „in
122 1309 335 1404 integritate
352 1308 432 1394 sua,
450 1304 510 1381 sed
530 1306 816 1403 concupiscentia
834 1307 950 1382 Bethl
966 1346 984 1373 ι

49 1012 140 1102 .,‚leti
157 1009 242 1092 sunt
260 1031 323 1105 per
340 1008 524 1084 diluvium.
577 1009 765 1106 Speciosus
786 1024 863 1085 erat
878 1011 984 1087 Sam·
1077 1102 1081 1107 ι

60 1409 144 1497 „bee
162 1405 400 1501 transgreiius
416 1404 465 1479 est
481 1406 610 1502 legem.
638 1407 793 1482 Pulcher
807 1420 884 1482 erat
894 1406 984 1482 Am·
1041 1406 1043 1411 ’

59 1531 150 1595 „nou
164 1506 207 1582 in
227 1503 515 1600 virginitatesua,
539 1505 599 1579 sed
613 1507 696 1600 quia
715 1504 869 1581 sororem
884 1504 990 1583 suam.
1104 1508 1112 1519 '

59 1605 243 1694 ‚‚ritiavit,
275 1604 408 1680 occidit
433 1626 517 1678 eum
542 1604 722 1681 llbsalom.
773 1606 985 1680 Laudabilis

59 1718 155 1795 „erat
168 1704 347 1781 Salomon
369 1705 408 1778 iu
430 1705 649 1778 continentia
667 1705 749 1791 sua,·
780 1705 839 1780 sed
848 1705 922 1800 jam
933 1704 985 1780 se«

57 1828 149 1893 „nex
180 1803 295 1877 nimia
315 1803 600 1897 conoupiscentia
622 1803 814 1877 mulierum
839 1803 986 1878 aversus

56 1903 124 1992 „est
139 1927 163 1978 a
181 1902 275 1976 Deo.
327 1902 436 1978 Certe
449 1924 532 1975 cum
551 1902 661 1974 homo
678 1926 751 1975 non
769 1902 874 1976 duxit
890 1926 983 1976 uxo·

56 2025 176 2091 ,.rem,
203 2002 324 2096 diligit
343 1998 551 2075 &honorat
569 2001 686 2075 Deum
705 2000 849 2076 Patrem
870 1999 1011 2089 suum..
1052 2068 1056 2079 ,
1144 1988 1150 2003 ’

55 2101 113 2191 „it
127 2100 289 2199 spiritum
313 2098 506 2173 sanititatis
523 2114 676 2183 matrem
700 2099 820 2186 suam,
840 2085 887 2175 i&
913 2126 986 2177 non

55 2200 126 2289 „est
146 2205 189 2275 in
207 2224 252 2274 eo
276 2220 379 2272 amor
399 2198 622 2292 alienigenae.
678 2199 732 2273 At
759 2199 987 2296 posteaquam

53 2301 187 2389 „duxit
214 2320 396 2380 uxorem,
433 2298 649 2392 depravatur
671 2322 775 2372 mens
800 2298 878 2394 ejus
903 2300 1018 2374 huic‘

53 2398 219 2489 „mundo
234 2396 438 2492 implicata,
461 2395 499 2470 δι
523 2397 645 2471 seusun
664 2397 913 2472 abalienantur
926 2420 988 2473 cor

52 2498 113 2588 „lt
138 2497 381 2591 Cogitationes
411 2493 488 2590 ejus
517 2519 538 2569 a
571 2497 678 2585 Deo,
710 2496 747 2572 ἃ
770 2498 989 2593 depravatus

52 2598 244 2689 ,adhaeret
266 2596 350 2669 huio
374 2594 532 2685 mundo²
569 2619 651 2670 eum
670 2608 797 2688 amat,
835 2595 873 2673 δι
903 2620 988 2679 euin

54 2694 318 2797 „amplctiitun

185 2866 356 2970 senno
378 2889 595 2969 uncinus
621 2891 858 2969 uerutus,
964 2917 967 2922 ·

53 3026 257 3141 Refutatr'o
291 3025 471 3137 adversus
503 3006 677 3138 ffurraeos
697 3032 877 3121 (licernes,
897 3045 986 3138 pro-

115 3142 246 3243 pediem
291 3139 527 3238 Syuagogum'
554 3138 610 3239 effe
658 3141 912 3240 restaurandam.

55 3312 85 3365 1.
112 3288 256 3419 „Inani
273 3286 330 3384 spe
349 3285 547 3361 efferuntur
558 3284 673 3383 Judaei
689 3284 982 3398 dicentesrPro·
1000 3264 1176 3394 Prepa&

152 3450 170 3477 ,
197 3409 269 3482 „pe
290 3386 339 3459 est
354 3399 516 3483 tempus,
547 3407 618 3478 quo
643 3409 689 3459 ex
709 3384 824 3459 nostra
853 3383 981 3480 nuper·
999 3388 1154 3443 intertum

992 3460 1164 3639 {trare

52 3486 176 3578 „fiune
187 3484 307 3559 rursus
318 3485 626 3580 congregabimur,
643 3486 812 3579 quoniam
824 3483 981 3580 Prophe·

53 3599 119 3677 „ta
138 3589 210 3662 ait:
236 3583 318 3659 Non
327 3586 505 3681 relinquam
520 3608 561 3656 ex
568 3584 612 3655 eir
622 3586 704 3659 inter
712 3596 821 3682 genter
833 3579 913 3686 QJer.
925 3608 987 3677 29..

1004 3642 1086 3703 runi.

54 3711 113 3778 „n
140 3711 199 3791 14·
258 3683 396 3763 Verum
422 3703 497 3760 uon
519 3683 674 3779 amplius
696 3682 801 3761 lsrael
836 3704 985 3776 congre·
1135 3704 1140 3715 ·

519 3780 597 3877 us
821 3782 988 3887 „gaudum
1162 3818 1167 3823 ·
