2414 4350
146 276 149 283 .
229 214 327 345 ²:²⁶
483 202 527 323 S
547 201 688 322 cyrilli
717 178 911 323 fficrospl.
1046 200 1049 209 '

157 492 160 497 Ι
182 454 185 459 -
219 391 453 489 „daemonem
475 389 674 486 fignificet,
700 374 860 491 spiritum
877 390 1081 468 immundum
1101 406 1157 491 ap·
1201 456 1205 497 Ι

222 494 376 593 ‚,pellat,
400 515 445 565 ne
458 505 578 588 putes,
603 491 650 567 de
668 490 786 566 sanilo
803 491 942 589 Spiritu
958 494 1049 569 dici:
1075 490 1160 569 istud

223 594 350 687 „enim
382 589 525 689 spiritus
550 612 684 667 nomen
716 589 880 667 medium
899 613 943 666 ac
969 612 1169 683 commupe.

225 691 332 789 „eli,
366 691 404 767 dt
429 690 604 787 quidquid
630 685 770 789 lpillum
794 711 839 765 ac
861 688 1012 783 densum
1036 714 1081 767 co
1123 708 1166 767 nr

225 814 328 885 „non
338 791 461 877 habet,
482 789 625 888 spiritus
640 784 803 865 universe
817 789 970 884 dicitur;
995 807 1083 867 cum
1113 792 1162 888 gl·

226 905 314 984 „tur
345 889 533 967 daemones
568 888 777 965 huiusmodi
807 909 957 986 corpora
990 914 1067 965 non
1101 890 1162 967 ht·

226 994 388 1085 ‚,beant,
412 982 554 1089 spiritus
572 988 810 1088 appellantur.
861 988 935 1064 Sed
955 990 1094 1084 grande
1110 991 1160 1069 in·

228 1090 412 1184 „tercedit
438 1089 659 1164 discrimen:
692 1110 778 1163 nam
803 1090 968 1186 impurus
994 1082 1161 1179 daeinon,

214 1182 402 1293 „mundo
414 1190 452 1264 in
470 1189 630 1264 animam
649 1187 807 1263 hominis
828 1188 1017 1285 irruperit,
1044 1190 1160 1265 alieno

117 1318 124 1335 “
230 1309 409 1387 „corpore
428 1288 465 1364 dc
487 1286 722 1363 instrumento
746 1288 848 1363 abuti
871 1291 908 1362 vi
936 1284 1029 1362 falla
1056 1306 1162 1363 cona·

230 1401 340 1481 „tur,
363 1386 515 1463 stantem
533 1386 675 1484 dejicit,
701 1386 862 1483 linguam
875 1388 1047 1477 invertit,
1070 1386 1162 1465 labit

229 1499 487 1585 „contorquet
496 1486 700 1563 sermonum
708 1491 790 1562 loco
807 1484 968 1582 spumam
981 1488 1162 1583 exprimlt,

226 1588 415 1681 „tenebris
431 1589 607 1684 mergitur
625 1580 756 1673 homo,
781 1598 928 1684 apertus
949 1588 1080 1663 nculue
1095 1587 1160 1683 ert,

223 1686 294 1786 „dr
312 1706 381 1786 per
399 1686 504 1763 illum
528 1688 652 1763 anima
674 1682 766 1762 nihil
789 1687 911 1773 videt,
944 1685 983 1763 dr
1009 1680 1172 1783 palpitat,

90 1878 95 1895 ,
225 1786 514 1881 „tremebundus
530 1798 616 1863 ante
635 1800 792 1869 mortem
809 1786 921 1883 horno¹
936 1783 1173 1863 miserabilie'

253 2070 263 2089 Ι
302 2006 337 2079 ς.
364 1976 476 2073 „Non
502 1977 551 2058 est
586 1975 795 2080 hujusmodi
818 1974 976 2080 Spiritus
1002 1974 1161 2059 laudus:

224 2084 408 2183 „primum
432 2082 530 2158 enim
552 2082 760 2157 mansuetus
776 2076 818 2155 dr
836 2083 929 2158 lenis
946 2081 1025 2178 eius
1044 2081 1160 2157 acces·

133 2214 158 2249 ο.
226 2182 340 2275 „lur,
373 2176 491 2258 suavis
515 2181 553 2271 ὃς
577 2181 742 2276 fragrans
767 2181 845 2276 ejus
865 2181 1001 2268 lensro,
1033 2174 1161 2279 jugum
1203 2258 1205 2263 ,

77 2320 108 2371 χ
145 2293 149 2301 “
176 2276 476 2375 ,’,,1ονί1ἷιιηιιω.
504 2278 716 2357 Adventum
730 2277 810 2376 ejus
825 2292 1160 2380 antevertentprae·
1203 2334 1205 2377 ;

168 2396 172 2405 '
224 2382 429 2474 ,micantes
453 2380 610 2456 scientiae
630 2380 741 2468 radii,
777 2382 878 2455 venit
914 2380 1072 2468 salvare,
1108 2377 1160 2455 sa·

61 2490 65 2501 “
180 2499 186 2511 ·
225 2497 360 2575 „nam
387 2479 541 2568 docere,
564 2501 738 2567 monere,
756 2481 947 2569 roborare,
972 2478 1158 2569 consolari,

225 2578 428 2671 „illustrare
444 2591 605 2655 mentem
619 2579 892 2678 primurn-eius,
915 2601 938 2654 a
961 2596 1034 2676 quo
1058 2577 1160 2655 sulci·

225 2730 251 2770 ‚,
281 2674 377 2767 itur,
401 2679 532 2754 dehinc
552 2678 632 2775 ejus
650 2700 759 2776 opera
775 2677 951 2766 aliorum,
977 2682 1030 2754 ita
1045 2675 1161 2777 utqui

222 2702 409 2876 „Spiritus
427 2772 465 2853 S.
488 2777 585 2853 dono
601 2778 827 2855 illuminatur
850 2779 953 2875 supra
970 2777 1157 2855 hominem

222 2876 393 2969 „eradius
412 2879 547 2963 videat,
571 2876 655 2975 quae
669 2876 867 2952 nesciebat:
894 2876 1007 2974 ponto
1031 2874 1071 2953 in
1088 2889 1161 2954 ter·
1199 2874 1205 2891 ¹

220 2973 289 3070 „ia
315 3000 464 3076 corpore
487 2979 609 3052 anima
629 2977 743 3051 coelos
760 2989 946 3072 tamquam
960 2979 998 3051 in
1014 2974 1159 3074 speculo

219 3088 451 3169 „contuetun
503 3072 614 3152 Videt
630 3091 671 3151 ut
684 3073 834 3151 Helaias
851 3076 1030 3153 Dominum
1041 3076 1160 3176 serm·

219 3189 310 3273 „rem
324 3172 428 3275 snper
458 3170 610 3251 thronum
636 3173 796 3273 excelsum
824 3170 872 3273 Iſs
900 3183 934 3252 d.
951 3199 983 3250 v.
1015 3201 1046 3252 t.
1082 3174 1160 3251 exi·

218 3294 414 3372 „guusque
438 3275 551 3355 homo
575 3274 719 3352 initium
743 3276 882 3375 mundi!
902 3275 940 3352 dt
964 3271 1076 3351 finem
1103 3273 1158 3351 ri·

216 3379 328 3466 „det·,
355 3374 392 3451 dr
409 3375 573 3471 medium
599 3389 805 3472 temporum
837 3374 1011 3472 spatium,
1036 3374 1076 3451 &
1102 3394 1160 3451 re·

215 3492 332 3569 „gum
353 3471 584 3549 luoceffiones
599 3478 736 3562 cernit,
764 3495 846 3569 quae
869 3499 942 3552 non
960 3474 1158 3564 addidicit,

212 3572 338 3664 „adest
358 3576 456 3650 enim
478 3597 586 3650 verus
605 3572 699 3649 lucis
722 3573 904 3670 praebitor.
951 3572 1180 3655 Parietibus.

211 3674 439 3779 „includitur
448 3675 573 3768 homo,
582 3673 638 3771 vis
647 3672 771 3749 tamen
780 3673 938 3751 scientiae
949 3672 1060 3770 longe
1073 3694 1157 3853 ppp-

1005 3784 1100 3868 „ten
