2430 4356
124 200 165 353 ’,
221 216 310 354 4012
400 222 468 324 o.
486 160 645 379 mn
663 229 743 349 r,
763 221 928 325 pron...
1031 168 1034 174 ’

221 422 340 518 „stoc
360 420 441 499 Dei.
506 418 659 520 Impleta
700 420 891 519 prophetia
910 418 974 495 Jest
1011 416 1073 495 dio

34 544 38 551 '
148 523 150 533 ’
221 516 332 619 „Erit
347 534 489 620 temptet,
515 518 771 618 quondoscrnom
789 520 971 596 dodrinam
986 539 1073 617 non)

222 621 367 717 „nebunt
382 621 449 715 &n
469 646 503 696 2.
528 617 609 695 Tim.
628 645 663 717 4.
688 616 749 694 sed
778 619 988 718 expettetur
1009 643 1072 717 pro

106 772 110 779 x
221 722 299 814 „fio
327 719 579 818 protestantis:
618 717 704 811 lecti
727 720 826 820 estis,
861 746 933 794 cum
966 718 1073 793 molid

184 813 187 827 ’
221 847 308 913 „vor
332 820 399 896 &a
424 819 548 894 Mense
569 844 602 916 5.
637 819 787 894 stemus
813 831 897 894 aute
919 817 1063 916 judices

220 921 378 1014 „Christi
393 922 565 1004 nomine,
595 923 680 1015 quia
706 920 835 996 heatus
851 919 924 1005 est,
956 921 1073 1016 quip

220 1021 430 1114 „veraverit
458 1041 575 1114 usque
607 1017 670 1092 ad·
689 1014 798 1094 finem
815 1042 835 1116 :¹
863 1042 937 1094 nou
961 1019 1071 1094 timec

222 1141 335 1217 „eum
361 1119 422 1214 qui
454 1117 568 1215 potest
601 1140 732 1213 corpus
764 1119 959 1207 occidere,
995 1120 1073 1193 anio

221 1232 466 1312 „autemnon
494 1215 626 1313 potest,
662 1217 721 1291 sed
737 1219 935 1292 timeamus
962 1232 1067 1298 eum.

173 1388 176 1394 ,
221 1317 362 1415 „Potest
379 1319 537 1392 animam
561 1314 750 1413 &corpus
775 1318 940 1391 occidere
961 1319 1000 1391 in
1022 1315 1073 1412 gel

216 1422 311 1510 „naz
338 1439 401 1514 per
426 1417 602 1512 Spiritum
628 1414 786 1490 sancum
811 1416 1002 1511 sequamur
1018 1439 1073 1490 uei

127 1538 129 1545 ’
216 1529 345 1610 ‚,tem,
370 1540 416 1591 ne
434 1538 496 1612 per
511 1515 654 1612 spiritus
681 1517 812 1591 erroris
839 1516 1073 1593 credamusn

16 1632 20 1645 ’
80 1626 82 1631 “
218 1615 362 1708 „dacio
405 1615 484 1711 Ego
498 1614 740 1711 gravissimum
756 1615 839 1690 fidei
858 1617 1059 1712 periculum

215 1738 291 1812 „ge
317 1726 425 1790 antea
444 1716 653 1812 ¹praevidens
672 1714 747 1812 post
773 1715 973 1791 sandotum
996 1720 1074 1791 viro

48 1780 53 1793 ⁴
213 1815 353 1909 „exilia
377 1814 540 1903 Paulini,
576 1813 739 1903 Eusebii,
777 1816 959 1903 Luciferi,
994 1816 1073 1891 Dior

203 1914 369 2009 „quinto
385 1915 518 1990 abhinc
534 1938 629 1988 anno
648 1938 670 1989 a
691 1910 877 1990 Saturnini
899 1915 938 1992 dt
958 1915 1073 1993 Ursacl

14 2042 19 2065 ἐ
89 2047 97 2053 ·’
213 2013 410 2108 „Valentis
437 2015 706 2090 commuuione
744 2036 805 2090 me
838 2038 922 2091 cunr
943 2015 1074 2090 Genio

212 2112 429 2211 „Episcopis
446 2111 624 2210 separavi,
641 2113 783 2191 indulta
799 2114 853 2190 eis
863 2113 1073 2212 resipiscenti

124 2299 128 2309 ¹
169 2290 170 2293 ,
211 2212 395 2305 ‚,cultate:
421 2224 531 2308 atque
555 2215 687 2288 exinde
705 2226 787 2288 toto
802 2225 965 2312 tempore
982 2216 1020 2290 in
1041 2238 1073 2288 er

213 2310 413 2404 ‚,detentus
450 2334 566 2408 neque
597 2313 848 2389 decedendum
883 2310 974 2390 mihi
1004 2313 1070 2389 else

212 2411 371 2502 „Christi
397 2410 612 2485 confessione
641 2413 796 2492 decrevi.
858 2413 981 2509 Atque
1009 2407 1073 2489 utlt

212 2511 471 2607 „omnipotens
488 2510 588 2584 Deus
604 2514 705 2586 aetati
724 2535 818 2588 meae
835 2512 1043 2611 &tempori
1059 2530 1073 2611 1

212 2609 377 2701 „llitiffes
405 2622 446 2685 ut
461 2611 531 2683 hoc
557 2609 782 2686 confessionis
806 2634 900 2688 meae
920 2614 958 2688 in
978 2625 1019 2688 te
1043 2626 1073 2687 at

211 2711 279 2801 „in
296 2709 533 2805 Unigenitum
558 2722 662 2785 tuum
679 2710 913 2787 ministerium
934 2713 1073 2787 Neroni:

211 2807 456 2901 „Decianisve
484 2813 710 2906 temporibus
733 2810 947 2909 explessem,
983 2813 1073 2886 adve

210 2907 422 2999 „absolutos
436 2907 554 2980 hostes
581 2909 671 2983 felix
692 2911 781 2984 milri
805 2920 990 2986 certamen
1014 2912 1073 2985 suls

72 3015 114 3093 ᾗ
210 3006 328 3103 „quia
337 3028 412 3093 nec,
425 3005 576 3089 dubium
607 3009 893 3107 relinqueretur,
926 3011 1073 3108 quinpt

199 3118 384 3200 ,cutores
401 3102 531 3189 essent,
555 3109 640 3205 quia
666 3110 712 3183 ad
727 3110 933 3204 negandum
950 3125 989 3185 te
1011 3132 1073 3204 puer

208 3200 346 3299 „serim
361 3205 438 3300 igni
451 3207 724 3302 compellerent,
749 3226 867 3304 neque
894 3208 941 3286 ad
961 3208 1073 3284 testifir

212 3305 328 3397 „dum
346 3307 428 3402 plus
447 3304 513 3379 tibl
533 3318 621 3397 noc,
645 3327 754 3403 quam
777 3323 914 3383 mortes
940 3310 1073 3383 nostrus¹

178 3474 188 3497 ⁴,
211 3416 339 3495 „cerer
368 3404 587 3502 impendere.
639 3405 692 3480 At
720 3431 817 3482 nunc
835 3423 1073 3506 pugnamus(

212 3513 297 3594 „tra
325 3503 587 3598 persecutorem
616 3505 826 3595 fallentem,
859 3523 984 3583 contra
1012 3504 1073 3582 hos

212 3598 487 3692 „blandientem
507 3656 518 3690 ,
551 3617 677 3678 contra·
695 3606 943 3683 Constantium
961 3606 1073 3684 Antio

210 3691 350 3794 „stum
372 3702 435 3799 qui
448 3726 522 3778 uon
537 3701 640 3797 dorsa
657 3706 787 3794 caedit,
814 3701 874 3809 sed
892 3707 1073 3801 ventrem-ff

1038 3829 1073 3907 ”l
