2414 4350
45 148 48 153 Ι
127 150 253 323 ’.908
391 222 457 357 S.
487 218 628 347 Cyrtii}
651 206 849 342 Hierosol.
877 146 896 155 Ι·
982 240 985 247 ’
1073 238 1079 247 “

171 409 349 503 ‚,tribus‚
390 421 432 485 ut
456 408 579 487 etiem·
593 408 664 485 offa
688 409 861 517 devorpte
879 398 1100 485 diffolvaott

172 510 263 607 „qui
291 509 403 605 igitur
417 509 527 608 Jonas
548 508 586 585 in
613 520 738 587 ventre
765 509 836 585 ceti
863 520 940 583 tres
958 508 1047 583 dier
1067 508 1112 601 &.

173 608 325 700 „nostes
341 616 504 684 moratus
520 632 592 684 non
611 621 800 705 corruptus
816 606 866 682 est
885 606 906 681 2
948 607 1002 683 Et
1018 628 1101 705 quo·

173 709 313 799 „modo
328 707 391 783 ille
410 708 569 783 triduum
587 708 680 783 vixit
696 706 930 783 huno'aerem
948 732 1024 783 non
1041 706 1100 803 ipi-

171 829 296 900 „tano
348 805 579 904 Respondent
594 807 722 905 Judaei,
738 806 920 880 descendit
930 829 1007 880 una
1023 830 1100 901 epm

172 907 291 1006 „Jona
309 907 423 983 virtus
440 906 519 983 Dei.
556 906 633 1005 Jain
655 926 741 982 vero
758 907 857 980 servo
875 902 935 979 suo
958 904 1101 981 submit·

173 1020 283 1097 „tens
298 1006 470 1082 virtutem
487 1005 667 1081 Dominus
683 1007 795 1081 vitam
811 1001 1016 1100 praestabat.
1035 1004 1047 1079 i
1071 1002 1100 1079 ie

173 1128 289 1195 „veto
308 1104 372 1181 sibi
393 1103 456 1203 ipit
476 1104 641 1202 praestate
668 1129 743 1180 non
768 1102 896 1203 politti
919 1028 1101 1201 credoffio·

51 1246 55 1266 ·
172 1228 286 1295 „nam
309 1205 558 1280 conservatum
582 1203 650 1278 effe
672 1203 760 1307 O‘Jon.
788 1230 820 1280 1.
851 1203 976 1279 omnia
1007 1204 1101 1279 enim

171 1303 372 1401 „poffibilia
390 1304 486 1402 apud
503 1303 622 1377 Deum
632 1326 642 1394 ;
675 1305 783 1378 credo
800 1304 910 1377 etiam
924 1300 1101 1378 Christum

170 1403 401 1493 „amortuis
430 1402 672 1493 resurrexisse,
709 1401 839 1478 multa'
857 1403 955 1475 enim
986 1401 1101 1477 habeo

126 1529 129 1533 ·
167 1500 278 1598 „ejus
293 1502 347 1577 rei
362 1501 564 1579 testimonia
581 1525 664 1577 cum
681 1525 728 1576 ex
745 1501 877 1577 divinis
892 1500 1100 1597 scripturis,

165 1604 278 1701 „tum
305 1600 483 1699 exipsius
507 1602 569 1698 qui
595 1599 767 1693 surrexit,
799 1598 1011 1693 efficientia3
1046 1600 1100 1697 qui

42 1700 49 1735 '²
167 1698 342 1796 „quidem
362 1703 400 1776 in
420 1701 560 1776 inferna
578 1700 760 1779 descendit
779 1699 904 1787 solus,
938 1698 1098 1795 pluribus
1123 1702 1129 1759 ἱ

165 1820 280 1889 „vero
305 1801 502 1875 comitatus
525 1799 597 1875 huc
626 1799 788 1875 teretius
812 1798 881 1881 est,
920 1798 961 1873 ὅ(
985 1798 1096 1875 mulo

165 1921 343 1996 „corpora
361 1899 595 1986 Santtorum,
629 1900 690 1995 qui
709 1899 1004 1987 obdormierunt,
1039 1916 1095 1997 per

167 1997 307 2095 „ipsum
323 2000 482 2073 excitata
501 1998 592 2075 sunt
643 1997 764 2094 Hujus
780 1998 890 2093 igitur
899 1996 1095 2079 salvatoris

132 2114 136 2121 '
167 2096 302 2185 „nostri
319 2097 471 2193 figuram
487 2098 636 2192 gestavit
652 2098 782 2196 Jonas,
809 2096 871 2193 qui
889 2120 975 2171 cum
991 2096 1032 2173 in
1044 2120 1095 2173 oe·

166 2207 236 2289 „to
254 2196 359 2286 eiset,
393 2200 428 2270 in
443 2200 569 2294 insertio
588 2197 621 2270 se
638 2196 705 2270 eiie
721 2197 831 2282 dicit,
852 2192 940 2296 jon.
961 2222 995 2272 2.
1015 2220 1048 2273 o.
1065 2224 1092 2293 3.
1123 2234 1129 2249 .

57 2368 61 2373 .
168 2294 311 2390 „figura
329 2319 486 2392 namque
504 2310 582 2372 erat
601 2294 730 2371 Christi
759 2296 799 2370 in
814 2298 997 2371 infernum
1012 2296 1092 2370 olim
1112 2252 1129 2404 [

169 2392 398 2484 „descensuri
420 2395 457 2472 ὅ(
478 2397 566 2471 dum
588 2396 659 2469 ait:
693 2393 801 2470 Subiit
825 2406 924 2493 caput
946 2396 1129 2492 marmio*³

168 2491 346 2593 ‚Jcffrros
361 2498 518 2570 monrium
536 2520 568 2569 o.
581 2502 624 2568 o.
644 2493 796 2589 figuram
817 2495 915 2569 illius
939 2496 1093 2588 gerebat.
1118 2556 1129 2593 ,

49 2655 57 2663 .
166 2594 317 2687 „quiin
342 2605 580 2670 monumento
596 2594 641 2667 de
661 2607 762 2689 petra
785 2594 903 2670 exciso
924 2614 1094 2690 reponen-
1118 2616 1121 2621 ·

165 2692 263 2781 „dus
281 2708 369 2770 erat
422 2693 477 2768 De
493 2691 600 2788 ipsius
617 2692 868 2767 resurreetione
883 2692 972 2766 dicit
988 2692 1094 2769 etiam
1119 2652 1129 2823 ἱ

164 2791 376 2879 „Hesaias:
408 2795 464 2887 qui
485 2793 599 2866 eduxit
625 2793 665 2867 de
690 2780 780 2868 ter'ro
801 2795 963 2892 pastorem
989 2794 1094 2869 ovito
1109 2840 1129 2901 ,4

113 2920 117 2927 ·
165 2917 360 2991 „magnum
386 2891 557 2991 Iſsb3.v.
580 2917 636 2967 11.
1107 2890 1129 2917 ’·

42 3097 81 3175 ¹tes
98 3120 151 3165 re·
235 3095 271 3165 6.
293 3088 417 3179 „Cum
434 3090 545 3185 igitur
561 3089 770 3188 prophetias
786 3089 988 3166 habeamus
1005 3143 1017 3178 ,
1053 3086 1093 3167 fit

42 3183 141 3283 nitro
162 3188 287 3285 „apud
302 3212 372 3262 nos
387 3189 492 3278 fides,
519 3214 585 3265 nec
602 3204 639 3267 te
655 3189 751 3264 ullus
768 3189 963 3285 aliquando
980 3191 1097 3267 haere·

42 3268 284 3380 Chrsst·‚,ticus
310 3289 358 3363 ad
376 3288 623 3405 infamapdarp
639 3289 929 3364 resurretiionem
955 3312 1097 3386 permo-

158 3400 401 3576 :iiiiii
422 3387 1096 3584 iiiiiiiiiiffliiit?iiiiii

161 3584 325 3675 „habent
338 3587 507 3675 Paulum,
523 3590 585 3684 qui
599 3602 730 3682 praeter
745 3588 818 3663 alia
833 3587 952 3662 scribit
972 3615 1003 3663 1.
1017 3586 1097 3665 Cor.

162 3710 299 3784 „15.v.
321 3713 378 3785 ¹4·
408 3683 450 3765 Sr'
463 3698 570 3764 auum
590 3685 734 3787 Christus
748 3714 813 3771 non
827 3684 1020 3787 resurrexit,
1037 3710 1100 3765 vo·

234 3858 238 3865 .
1026 3806 1099 3885 „no
