2414 4350
248 254 352 375 επακ
423 168 426 177 Ι
451 220 496 321 S.
512 218 669 331 Hilarii
688 208 772 345 Ep.
790 210 953 321 Pistam
1032 176 1057 235 ³

251 422 310 513 „0
319 414 465 511 plenam
474 406 639 493 miraculi
648 415 978 515 responsionem&
991 407 1188 516 perfossum

249 519 362 614 „didi
387 517 540 593 coesestir
562 516 844 593 absolutionem}
875 520 930 594 ita
950 518 1078 594 omnia
1095 518 1187 597 inter

250 628 528 715 „contemptum
544 614 721 692 saeculi&
739 616 1003 693 contumeliam
1029 617 1184 695 laedend

246 718 416 814 „caesaris
438 716 673 813 temperavit,
696 726 740 790 ut
760 719 857 792 curis
874 717 1052 792 omnibus
1073 717 1115 794 dr
1136 718 1183 793 os·

247 819 366 915 „ficiis
390 815 559 891 humanis
577 813 796 903 absolveret,
826 838 911 891 curn
925 817 1076 901 caesari,
1108 828 1182 915 quae

104 948 108 965 ¹
246 919 353 1016 „ejus
372 914 593 1007 redhibenda
609 914 791 1003 decernit,
816 913 842 989 fi
865 915 964 992 enim
990 916 1087 991 nihii
1113 918 1182 1015 eju·

22 1102 26 1109 ,
91 1086 104 1109 ,
181 1060 185 1077 =
247 1039 386 1117 „penes
403 1038 471 1089 nos
493 1012 683 1098 resederit,
709 1014 917 1089 conditione
943 1016 1177 1103 reddendiei,

246 1139 359 1214 „quae
381 1116 462 1188 sunt
481 1136 555 1188 non
579 1114 794 1187 tenebimur.
861 1113 976 1189 Porro
1004 1127 1132 1191 autem
1157 1115 1176 1191 s

246 1217 383 1312 „rebus
397 1211 474 1313 ejus
488 1204 726 1296 incubamus,
759 1208 876 1306 srjure
903 1212 1098 1310 potestatis
1116 1213 1174 1291 sna

244 1317 433 1411 „utimur,
463 1305 501 1388 dt
519 1335 587 1385 nos
607 1325 794 1405 tamquam
812 1314 1061 1389 mercenarios
1077 1304 1174 1391 alicui

242 1411 480 1516 „patrimonii
509 1411 763 1523 procuratione
796 1408 1034 1506 subjicimus,
1081 1426 1173 1491 extu

145 1553 152 1565 ·
239 1512 456 1613 „querelam
472 1511 613 1607 injuriae
629 1508 698 1594 est,
724 1507 844 1585 caesari
862 1512 1060 1597 redhiberi,
1088 1513 1172 1609 qnod

243 1613 414 1710 „caesaris
442 1607 519 1694 est,
552 1608 632 1682 Deo
662 1616 817 1694 autem,
856 1618 941 1707 quae
966 1609 1049 1705 ejus
1081 1610 1171 1701 sunt,

225 1713 414 1813 *„propria
432 1708 583 1784 reddere
607 1730 675 1782 nos
704 1720 891 1802 oportere,
916 1730 1073 1806 corpus,
1104 1713 1171 1787 ani·

240 1838 388 1909 ,‚mam,
428 1807 675 1885 voluntatem:
711 1807 757 1881 ab
781 1831 825 1880 eo
850 1808 956 1882 enim.
973 1808 1059 1883 haec
1082 1808 1171 1887 reno

240 1908 426 2012 „profesta
443 1919 553 2004 atque
567 1907 670 1982 arrttc
686 1905 896 1996 retinemus,
922 1908 1079 2004 proinde
1095 1930 1173 1985 con·

241 2016 420 2109 „dignum
445 2006 514 2093 esi,
547 2018 589 2081 ut
618 2007 653 2080 ei
686 2004 721 2079 se
746 2017 865 2080 totum
896 2006 1078 2095 reddant,
1120 2012 1175 2085 cni

242 2115 403 2208 „debere
423 2105 459 2181 se
473 2105 639 2181 recolunt
653 2102 691 2179 dc
710 2105 887 2201 originem
906 2104 944 2182 dt
966 2106 1174 2203 profestum

91 2334 122 2379 rr.
138 2326 189 2396 ας.
315 2326 348 2382 2.
376 2302 443 2389 „In
459 2302 521 2377 r'slrr
540 2302 592 2376 dir
610 2296 800 2399 accesserunt
824 2300 870 2375 ad
889 2328 959 2377 eom
984 2292 1171 2395 Sardoos,

57 2394 226 2542 Dtff‘sfem
241 2408 323 2501 „qui
346 2406 458 2477 dicuni
481 2428 545 2476 non
569 2399 625 2501 effe
649 2399 905 2497 refirrresiionem
928 2401 996 2478 sse.
1030 2405 1071 2481 dr
1097 2428 1173 2503 pro·

56 2503 190 2632 mgb
240 2517 426 2602 „ponunt,
459 2503 594 2599 septem
617 2500 769 2575 fratrum
787 2500 954 2575 eamdem
981 2505 1172 2601 conjugem

46 2589 224 2733 summ-ff
238 2605 452 2700 ,cujusnam
476 2623 601 2676 eorum
631 2601 668 2674 in
692 2598 944 2674 resurrettione
966 2601 1093 2679 futura
1113 2603 1169 2693 sit,

56 2754 103 2799 η,
238 2704 395 2802 „quibus
413 2698 620 2798 respondet.
647 2700 744 2792 quod
760 2712 835 2774 tunc
853 2725 917 2773 non
944 2699 1088 2791 nubent,
1120 2726 1180 2778 ru*

236 2830 322 2901 „pur
338 2802 515 2876 nubentur:
538 2800 583 2872 de
609 2797 684 2893 ipsa
712 2820 798 2872 nero
829 2799 1087 2877 resurrettione
1110 2803 1163 2877 ad·

240 2903 407 2995 „versum
434 2898 686 2976 infidelitatem
706 2918 831 2971 eorum
858 2899 910 2972 ita
931 2898 1081 2976 locutus
1108 2900 1166 2976 cst:

240 3030 330 3094 „non
346 3002 486 3098 legisse,
513 2998 600 3093 quod
615 2994 733 3070 dissum
763 2994 909 3095 essuosur
924 3023 947 3070 o
962 2996 1038 3072 Deo
1057 3002 1107 3074 ito
1121 3002 1169 3074 dr'·

236 3113 369 3194 „centn
393 3098 472 3197 Ego
479 3095 557 3196 sum
570 3095 660 3169 Deus
668 3093 862 3170 Abrabam,
884 3153 892 3171 .
913 3152 921 3168 .
940 3123 1005 3172 non
1023 3103 1067 3198 est
1082 3099 1167 3175 Deru

238 3212 491 3294 „mortuorunm
513 3195 576 3293 sed
600 3196 782 3268 viventium.
835 3195 962 3269 Sermo
993 3201 1094 3274 enim
1112 3200 1168 3273 hic

236 3302 311 3394 „ad
335 3294 484 3393 Moysen
511 3293 636 3368 sannis
652 3292 726 3368 istis
749 3294 969 3370 Patriarchin
996 3294 1075 3393 jam
1100 3300 1167 3396 pri·

236 3402 347 3492 „dem
373 3394 636 3494 quiescentibus
664 3395 854 3467 extiterat:
895 3415 983 3487 ergo
1012 3418 1168 3492 quorum

236 3512 343 3592 „erat
367 3496 490 3582 Deus,
514 3493 551 3567 hi
577 3492 695 3565 Deum
712 3492 911 3574 habebant,
934 3494 1026 3568 nihil
1045 3510 1169 3573 autem

237 3610 431 3694 „poterant
443 3594 586 3675 habere,
602 3589 626 3664 sr
644 3605 842 3679 nonerunt,
863 3606 972 3686 atque
985 3594 1039 3668 itu
1050 3595 1166 3672 Deum

232 3698 393 3792 „habete
420 3692 620 3770 viventium
646 3689 715 3782 est,
747 3714 831 3767 cum
855 3691 956 3768 Deus
980 3697 1167 3771 aeternitas

1082 3793 1163 3887 „so
